4188 5670
991 342 1119 400 nr
1199 320 1917 399 Ant-,umento
1981 307 2587 394 ‘Cnnrrsnss
3108 335 3246 412 ης

343 519 662 578 ventem}
703 490 912 596 Qod
939 497 990 575 fi
1030 488 1192 575 h'aec‘
1215 486 1620 595 propositio:
1653 506 1825 574 Deus
1852 500 1932 588 est
1962 546 1986 585 ‚
2026 498 2293 573 axioma
2340 492 2424 570 fit
2448 549 2473 585 ‚
2514 480 3115 594 ubi'praedicatum'
3138 499 3258 573 cla·

361 626 438 673 re
490 604 556 674 &
601 601 891 676 distincte
932 601 1302 674 continetur
1340 603 1410 672 in
1454 602 1614 674 Idea
1657 597 1978 691 subjecti3
2032 619 2232 691 quare
2275 622 2414 671 non
2459 621 2689 669 omnes
2743 600 3044 672 homines
3091 646 3113 682 .
3181 595 3262 670 fi-

361 701 511 771 mul
551 721 748 795 atque
800 702 1258 774 intellexerunt
1298 698 1777 773 vocabulorum
1814 695 1956 768 vim
1985 745 2009 781 ‚
2070 692 2223 768 huic
2281 693 2709 790 propositioni
2746 694 3184 773 assentiantur
3229 694 3266 781 3

360 822 572 892 quare
608 800 775 871 illius
819 796 1282 894 probationem
1330 800 1596 894 exigant
1620 799 1666 869 ,Ρ
1714 791 2175 883 &fidemne-t,
2230 814 2309 868 ut
2347 798 2432 869 ad
2468 796 2636 868 hanc
2681 794 3110 888 quaestionem
3146 788 3273 866 res:

347 896 730 991 pondiffern
759 923 782 968 e
828 898 935 971 hoc
979 903 1296 991 provenire
1337 923 1417 969 ex
1450 902 1675 993 ingemi
1715 894 2026 967 hominum
2061 902 2437 989 corruptione
2458 922 2485 976 ‚-
2532 891 2734 988 usque
2777 892 2940 965 adeo
2970 943 2994 980 ‚
3020 911 3121 965 ,ut
3135 914 3269 985 prof

357 995 529 1091 degio
558 998 647 1068 Wi
677 995 879 1093 simile
910 994 1000 1087 fit
1045 995 1251 1086 visum
1270 1046 1311 1085 ‚‚
1336 1021 1434 1070 me
1456 1045 1482 1086 ,
1530 993 1713 1083 hzq‘us
1743 998 2140 1085 *corruptionis
2190 1021 2308 1068 non
2352 1002 2632 1097 ignarum
2685 1042 2712 1080 ,
2788 991 2940 1095 mibi
2993 987 3084 1079 &
3133 992 3271 1065 ali1's

361 1092 533 1169 bunc
579 1095 804 1170 nodum
848 1093 1153 1193 colligaffe.

561 1259 712 1350 Qi
763 1259 931 1333 hanc
972 1258 1399 1356 quaestionem
1439 1258 1660 1356 aliquo
1708 1261 1913 1338 modo
1967 1263 2333 1338 mutilatam
2357 1312 2382 1351 ‚
2435 1280 2515 1334 ut
2559 1260 2630 1334 in
2677 1258 2912 1352 scripto
2952 1258 3112 1331 mihi
3156 1285 3274 1355 op.

357 1353 598 1451 posito
645 1361 1037 1453 proponitur
1070 1411 1096 1448 ‚
1144 1362 1208 1433 &
1269 1358 1755 1456 responsionem
1806 1363 1845 1437 a
1889 1362 2058 1436 Viro
2120 1362 2289 1436 Clar.
2344 1361 2504 1435 mihi
2567 1356 3009 1454 praescriptam
3064 1358 3220 1450 legit
3248 1389 3277 1444 ς

369 1457 667 1529 crederet
705 1459 811 1551 agi
847 1458 930 1531 de
958 1456 1165 1532 caussa
1215 1457 1526 1533 Atheismi
1549 1510 1574 1546 ,
1619 1461 1683 1532 &
1722 1486 1834 1535 me
1865 1459 1900 1552 (
1942 1478 2251 1555 rogatum
2278 1510 2301 1546 ‚
2364 1482 2672 1554 quaenam
2716 1458 2856 1551 ejus
2910 1452 3115 1528 caufla
3144 1452 3283 1545 sit)

369 1547 526 1626 eam
561 1580 816 1649 ponere
858 1582 996 1630 non
1031 1575 1171 1632 mm
1210 1558 1280 1630 in
1322 1558 1740 1653 corruptione
1775 1562 2145 1634 Atheorum
2170 1610 2196 1649 ,
2238 1583 2439 1652 quam
2478 1558 2548 1628 in
2599 1554 2730 1650 ipsa
2753 1551 3132 1627 Existentiae
3158 1556 3287 1628 Dei

368 1652 879 1738 incertitudine:
921 1658 959 1726 a
1002 1682 1131 1753 qua
1163 1654 1408 1732 insania
1445 1681 1586 1731 uon
1633 1659 1851 1749 minus
1883 1655 2209 1732 abhorreo
2249 1681 2457 1751 quam
2506 1652 2745 1728 Clariff.
2796 1650 3190 1747 Apologista.
3232 1704 3247 1730 ‹

581 1808 649 1881 Si
696 1809 840 1901 quis
883 1833 967 1884 ex
1011 1833 1122 1882 me
1171 1812 1459 1905 quaerit:
1502 1836 1703 1906 quare
1730 1810 1966 1884 dentur
2013 1805 2269 1897 Athei?
2318 1805 2703 1903 respondere
2762 1803 2936 1878 soleo
2969 1854 2994 1893 ,
3028 1827 3138 1876 me
3177 1801 3291 1875 ad-

371 1906 536 1980 duci
561 1930 698 1978 non
740 1904 914 1998 posse
934 1958 958 1994 ,
988 1928 1068 1980 ut
1101 1929 1371 2001 putem,
1400 1928 1782 2005 quenquam
1814 1935 1895 1982 eo
1948 1907 2297 2002 impietatis
2331 1908 2556 1981 venire
2580 1956 2604 1993 ‚
2644 1922 2724 1976 ut
2764 1905 2988 1976 Deum
3024 1903 3288 1975 nullum

376 2002 504 2077 effe
557 2027 642 2074 ex
690 2006 913 2076 animo
960 2006 1197 2078 credat.
1298 2009 1504 2096 Quod
1553 2004 1604 2080 fi
1646 2031 1810 2080 vero
1857 2007 2051 2081 A'thei
2088 2006 2324 2078 dantur
2367 2057 2391 2094 ‚
2440 2005 2507 2077 id
2547 2001 2755 2076 nullo
2815 2000 3018 2075 modo
3062 2025 3146 2074 ex
3192 2001 3289 2074 rei
3331 2028 3338 2034 ·

377 2098 586 2194 ipsius
630 2102 1084 2175 incertitudine
1125 2107 1471 2199 provenire
1504 2142 1531 2181 ι
1614 2103 1724 2178 sed
1766 2130 1849 2177 ex
1907 2100 2139 2198 infigni
2182 2105 2413 2178 talium
2464 2103 2811 2174 hominum
2843 2095 3286 2194 perversitate.
3332 2124 3337 2131 ·

385 2198 753 2271 lnnmnera
806 2196 926 2271 effe
967 2202 1037 2272 in
1065 2201 1410 2296 cujuslibet
1446 2203 1727 2276 hominis
1763 2204 1979 2275 anima
2002 2255 2026 2292 ‚
2064 2204 2135 2275 in
2169 2228 2480 2298 corpore,
2531 2200 2601 2273 in
2645 2217 2792 2273 toto
2831 2199 3135 2285 homine,
3164 2221 3289 2269 un·

380 2296 589 2387 dique
613 2340 634 2367 ‚
669 2297 832 2368 circa
853 2347 880 2384 ‚
921 2297 1110 2391 supra
1137 2354 1156 2377 ,
1217 2301 1385 2373 insi-a
1414 2328 1536 2374 nos
1557 2353 1582 2388 ‚
1624 2302 1691 2373 in
1743 2301 1927 2375 vasto
1952 2303 2080 2376 hoc
2120 2300 2423 2376 universo
2458 2350 2482 2389 ‚
2531 2320 2687 2394 quae
2709 2299 2839 2371 Dei
2881 2296 3289 2371 existentiam

379 2391 653 2479 cuilibet
686 2418 822 2465 non
868 2399 1127 2488 penitus
1166 2398 1362 2471 stulto
1414 2396 1883 2473 evidentiflime
1921 2398 2304 2492 persuadere
2336 2397 2583 2497 poffint
2619 2401 2685 2472 &
2732 2392 3065 2476 debeant3
3104 2418 3290 2490 pror-

378 2490 483 2564 sus
529 2510 611 2564 ut
647 2515 844 2565 nemo
871 2495 1023 2567 huic
1051 2515 1190 2569 tam
1238 2516 1436 2571 certae
1485 2499 1745 2571 veritati
1792 2523 1930 2570 non
1980 2494 2179 2593 poffit
2222 2497 2499 2573 assentiri
2524 2549 2549 2585 ,
2596 2492 2718 2568 nisi
2769 2495 3042 2569 omnino
3080 2492 3292 2588 perdi„-
3350 2536 3355 2542 ·

380 2608 531 2677 tux,
566 2590 716 2683 „qui
762 2593 843 2663 de
892 2594 1042 2666 Deo
1091 2619 1175 2668 ne
1214 2596 1481 2689 quidem
1524 2599 1808 2690 cogitare
1858 2594 2006 2669 vult
2032 2647 2055 2682 ,
2084 2617 2202 2669 aut
2251 2596 2335 2669 ad
2381 2597 2516 2669 ulla
2553 2611 2941 2688 argumenta
2975 2592 3104 2663 Dei
3133 2586 3294 2663 exis-

379 2691 658 2763 tentiam
700 2687 1045 2780 probantia
1094 2694 1428 2766 attendere
1479 2721 1500 2774 3
1537 2698 1784 2787 quique
1807 2744 1833 2781 ,
1882 2688 2089 2766 sicubi
2130 2695 2274 2767 haec
2322 2694 2383 2785 ei
2434 2696 2501 2764 in
2546 2711 2838 2764 mentem
2874 2690 3180 2775 veniunt,
3212 2708 3292 2761 ut

381 2789 482 2860 vel
525 2783 1035 2879 corruptissimis
1069 2788 1158 2863 sae
1206 2815 1242 2863 e
1292 2791 1523 2863 accidit
1558 2842 1582 2878 ‚
1643 2817 1719 2864 ea
1769 2791 2000 2885 procul
2044 2815 2082 2861 a
2131 2790 2194 2862 se
2265 2788 2556 2864 facessere
2610 2788 2805 2880 jubet
2855 2814 2873 2858 ε
2928 2806 3044 2861 aut
3078 2785 3291 2863 nescio

381 2885 630 2980 qmbus
673 2816 1280 2960 ratiocinationibus
1319 2887 1584 2962 vanisve
1635 2883 1894 2983 effugiis
1921 2938 1945 2974 ‚
1972 2908 2246 2961 conatur
2273 2889 2552 2963 eludere.
2628 2890 2732 2964 Ita
2773 2884 3154 2982 respondere
3188 2884 3291 2961 so-

382 2984 478 3059 leo
511 3036 536 3073 ‚
577 2981 646 3058 fi
702 2985 846 3079 quis
884 3010 994 3057 me
1035 2988 1397 3082 interrogat
1440 2987 1526 3070 de
1579 2984 1788 3060 caussa
1840 2986 2176 3062 Atheismi.

435 3171 446 3188 ’κ
563 3132 673 3206 At
719 3125 770 3201 si
811 3128 923 3202 (31.
973 3128 1240 3204 Censori
1276 3156 1498 3225 operae
1549 3134 1837 3227 pretium
1889 3137 2107 3213 visum
2156 3134 2367 3211 firiffet
2387 3188 2411 3225 ‚
2465 3136 2638 3212 dista
2687 3160 2837 3210 mea
2875 3133 3289 3214 examinare3

393 3228 639 3304 vidisset
671 3224 1047 3318 manifeste,
1134 3229 1517 3302 uaestionem
1541 3281 1563 3315 ‚
1607 3257 1807 3325 quam
1840 3238 2047 3330 citat,
2097 3264 2235 3310 non
2270 3233 2392 3309 effe
2418 3236 2499 3307 de
2537 3233 2744 3309 caussa
2790 3230 3125 3330 Atheismi-
3227 3228 3296 3298 Si

390 3344 862 3421 argumentum
903 3255 1214 3412 Carte‘iiig
1245 3328 1442 3418 ·quod
1495 3327 1708 3405 refuto
1734 3381 1759 3416 ,
1793 3330 2067 3407 solidum
2116 3333 2209 3408 est
2232 3384 2257 3420 ‚
2302 3336 2447 3405 haec
2479 3328 2842 3427 propositio
2896 3356 2916 3400 ε
2971 3336 3042 3403 D
3075 3333 3129 3395 E
3162 3331 3226 3396 U
3248 3327 3303 3398 S

396 3431 584 3515 existit
622 3476 645 3511 ,
709 3449 846 3496 non
889 3442 1155 3496 tantum
1198 3423 1289 3495 est
1325 3422 1669 3497 certiffima
1696 3477 1721 3512 ,
1768 3427 1874 3502 sed
1925 3433 2184 3526 insuper
2224 3430 2317 3503 est
2361 3434 2625 3502 axioma
2670 3424 2978 3502 omnibus
3016 3421 3297 3496 homini-

398 3520 522 3595 bus
564 3547 684 3617 per
732 3521 792 3594 se
833 3539 1071 3596 notum
1093 3573 1116 3609 ‚
1161 3522 1343 3615 cujus
1387 3523 1812 3617 praedicatum
1857 3551 1994 3600 non
2049 3532 2266 3603 minus
2312 3527 2479 3599 clare
2524 3528 2786 3599 videtur
2830 3526 2900 3597 in
2947 3521 3102 3596 Idea
3148 3517 3298 3592 sub-

398 3622 548 3716 jecti
568 3672 592 3708 ‚
655 3621 854 3713 quim
889 3622 958 3692 in
998 3621 1117 3694 hac
1177 3618 1624 3716 propositione
1669 3648 1690 3692 r
1758 3629 2140 3724 triangulnn
2169 3623 2347 3698 babet
2381 3643 2504 3699 tres
2535 3625 2782 3722 angulos
2801 3673 2827 3710 ,
2867 3627 2932 3698 δε
2956 3617 3292 3694 ίῐιτιὶὶίὶιιις.
3402 3635 3405 3638 ’

402 3725 659 3811 Quaero
703 3720 895 3813 igitur
923 3744 1108 3810 non3
1144 3745 1345 3818 quare
1381 3721 1618 3792 dentur
1664 3722 1854 3795 Athei
1890 3725 1925 3796 ἓ
1984 3726 2092 3798 sed
2132 3750 2361 3821 quaero
2412 3751 2498 3799 ex
2548 3719 2825 3798 Cartefii
2863 3718 3236 3818 sequacibus
3273 3741 3296 3791 ε

404 3825 516 3918 qui
564 3815 742 3903 fiatj
787 3818 968 3911 'quod
1009 3844 1143 3892 non
1190 3843 1418 3892 omnes
1446 3820 1745 3893 homines
1763 3872 1787 3909 ‚
1826 3821 2198 3926 simulatque
2231 3825 2573 3923 intelligunt
2628 3822 3060 3897 vocabulormn
3085 3827 3221 3896 vim
3265 3863 3297 3905 2

404 3918 550 3994 huic
592 3913 1029 4012 propositioni
1072 3914 1526 4005 assentiantur,
1556 3937 1634 3991 ut
1657 3919 2103 3999 assentiuntur
2151 3925 2250 3997 his
2290 3949 2311 3995 ε
2355 3925 2755 4022 Triangulusn
2797 3921 2977 3997 babet
3014 3936 3137 3992 tres
3179 3943 3301 3991 an-

394 4021 558 4116 gulos
581 4046 608 4101 ‚-
654 4033 862 4087 totum
900 4018 978 4107 est
1015 4017 1205 4104 maeqy'us
1230 4014 1352 4104 sua
1402 4038 1575 4107 parte
1593 4047 1619 4101 3
1665 4022 1724 4094 ἃ
1769 4020 1860 4093 ita
1897 4025 2166 4118 quidem
2218 4074 2244 4113 ‚
2318 4041 2398 4095 ut
2449 4024 2589 4118 ejus
2720 4019 3103 4097 obationem
3156 4041 3299 4090 non

406 4116 601 4209 magis
636 4115 908 4208 exigant
940 4163 969 4202 ‚
1023 4134 1230 4209 quam·
1284 4114 1691 4188 axiomatum
1736 4119 2228 4194 adductorum:
2280 4147 2593 4217 quaenam
2621 4048 2718 4194 ‘ptr
2747 4119 2954 4196 cauffa
2982 4120 3177 4211 hujus
3201 4113 3299 4186 di·-

408 4211 721 4300 versitatis
745 4261 769 4300 ‚
817 4236 1025 4308 quam
1057 4213 1356 4287 videlicet
1390 4213 1686 4287 homines
1727 4218 1852 4292 hic,
1895 4217 2143 4294 faciunt
2191 4222 2360 4296 inter
2421 4225 2754 4297 axiomata
2796 4246 2913 4316 per
2960 4215 3025 4292 se
3062 4234 3223 4288 nota
3258 4207 3300 4284 2

593 4354 722 4426 Ex
762 4350 1001 4443 quibus
1037 4355 1180 4426 luce
1214 4356 1442 4428 clarius
1494 4354 1585 4429 est
1611 4407 1633 4441 ‚
1677 4379 1813 4428 non
1859 4363 2068 4452 quaeri
2107 4362 2141 4428 a
2193 4384 2353 4448 me,
2387 4386 2586 4455 quare
2641 4355 2771 4429 sint
2798 4409 2821 4443 ‚
2879 4354 2995 4447 qui
3028 4353 3305 4428 existen-

411 4448 562 4521 tiam
600 4452 734 4523 Dei
776 4451 964 4542 plane
1001 4478 1139 4526 non
1186 4454 1493 4529 credant:
1537 4453 1648 4529 sed
1703 4478 1902 4548 quare
1947 4459 2117 4530 inter
2168 4458 2470 4531 homines
2514 4511 2542 4548 ‚
2600 4455 2800 4527 etiam
2827 4478 2940 4526 eos
2982 4501 3005 4535 2
3059 4449 3175 4543 qui
3217 4447 3302 4522 (12

413 4570 486 4618 ea
526 4548 798 4622 minime
843 4546 1193 4639 dubitant,
1229 4549 1365 4627 first
1388 4606 1411 4640 ‚
1456 4557 1569 4648 qui
1595 4551 2108 4648 propositionem
2136 4607 2158 4641 ‚
2188 4562 2258 4629 D
2280 4565 2336 4627 E
2366 4565 2430 4629 U
2455 4563 2506 4631 S
2546 4553 2750 4642 mssit
2780 4600 2805 4635 2
2855 4571 2995 4620 120ss
3016 4541 3307 4615 habeant

416 4668 531 4737 pto
561 4651 892 4723 axiomata
921 4673 1040 4745 per
1084 4648 1148 4724 se
1190 4669 1358 4726 noto
1386 4681 1413 4739 ‚-
1463 4654 1578 4749 qui
1621 4653 1713 4725 illi
1749 4654 2034 4746 -quidem
2069 4652 2347 4824 firfrniter
2368 4651 2826 4732 affentianmr2
2856 4640 2965 4714 sed
2986 4656 3310 4803 ωὲἑίἓέιω

539 4785 546 4792 .
2023 4753 2077 4825 F
2246 4770 2299 4835 2
3206 4757 3217 4768 ’
3241 4753 3323 4808 u?
