4188 5670
1473 217 2456 341 neLoQuntu'
2811 269 2825 279 ·
2999 285 3004 289 ·
3187 274 3333 347 379

418 445 583 532 Quo
608 435 893 535 pertinet
924 435 993 513 8t
1028 429 1326 533 lepidum
1371 430 1531 508 illud
1567 429 1918 527 Chrysippi
1962 449 2427 529 argumentum
2458 482 2481 519 ,
2533 457 2671 528 quo
2703 429 2985 527 probare
3031 437 3326 526 volebat,

392 561 690 615 mentem
714 539 786 610 in
812 541 1076 631 pectore
1117 532 1280 621 effe,
1330 557 1471 606 non
1502 534 1575 605 in
1606 530 1875 606 cerebro
1907 560 1931 612 3
1983 536 2140 626 quia
2191 583 2216 619 ‚
2251 556 2404 603 cum
2435 556 2673 604 vocem
2708 553 2746 604 e
2776 553 2898 606 (ao
2948 541 3333 629 pronuntia-

280 703 293 718 ,
388 665 548 712 mus
572 689 597 725 ,
656 656 961 710 mentum
995 633 1300 706 deorsum
1341 631 1426 703 ad
1457 635 1680 724 peetus
1724 634 1789 703 ἃ,
1842 633 1922 702 ad
1980 656 2097 704 cor
2144 655 2535 715 movemus,
2571 651 2647 702 ut
2686 628 2871 721 quasi
2911 653 3078 704 nu-'u
3122 629 3358 708 osten-²

388 743 627 813 damus
692 757 840 807 eam
899 753 1156 829 partem
1187 782 1210 817 ‚
1285 754 1414 824 qua
1467 730 1791 823 praecipue
1835 730 2054 801 sumus
2102 730 2171 801 id
2205 729 2385 822 quod
2417 724 2690 800 sumus:
2730 753 2869 802 non
2918 730 3094 803 secus
3125 758 3199 805 ac
3243 735 3325 807 de

388 835 586 911 nobis
623 835 960 926 loquentes
984 853 1278 903 manum
1301 830 1382 899 ad
1410 830 1660 920 penne,
1698 853 1836 900 non
1870 829 1951 899 ad
1971 847 2191 921 caput,
2232 826 2589 900 referimus.

596 988 778 1078 Qae
820 1036 843 1072 ‚
872 1004 1043 1058 certe
1095 983 1318 1055 omnia
1359 1031 1384 1070 ‚
1420 1005 1797 1076 quanquam
1831 980 2071 1073 partim
2111 980 2611 1073 levia‚·partim
2657 978 2920 1050 ridicula
2959 975 3086 1053 fint
3118 1010 3142 1062 ‚-
3196 983 3321 1057 hoe

388 1107 616 1160 tamen
671 1086 821 1157 inde
853 1081 1348 1177 quodammodo
1378 1080 1580 1173 liquet
1628 1131 1651 1164 ‚
1694 1074 1963 1171 potuiffe
1996 1076 2237 1171 priscOs
2272 1078 2621 1149 nominum
2667 1080 3042 1151 inventores
3073 1080 3318 1174 aliquid

390 1209 880 1278 nonnunquam
926 1185 995 1254 in
1024 1180 1219 1253 rebus
1250 1179 1809 1263 animadvertere,
1841 1177 2022 1270 quod
2056 1175 2353 1344 &uadem
2395 1178 2578 1248 vocis
2613 1177 2914 1269 analogia
2948 1174 3313 1271 significare

389 1288 782 1379 potuerint3
818 1300 1017 1375 atque
1056 1281 1366 1351 hactenus
1392 1277 1663 1348 tolerari
1701 1300 1932 1347 eorum
1967 1299 2052 1367 po
2104 1300 2138 1345 e
2169 1273 2548 1346 sententiam
2595 1325 2618 1361 ‚
2650 1276 2762 1368 qui
2795 1273 2998 1346 verba
3045 1326 3066 1360 ‚
3094 1277 3318 1350 saltem

389 1385 701 1477 quaedam
724 1428 745 1459 ‚
773 1405 909 1453 non
938 1376 1085 1450 casu
1128 1377 1409 1449 fortuito
1435 1424 1459 1460 ,
1492 1374 1601 1447 sed
1644 1375 1923 1466 quadem
1954 1373 2206 1444 ratione
2254 1369 2423 1444 facta
2454 1369 2571 1445 effe
2620 1369 3044 1446 contendunt.
3101 1379 3317 1465 Qin-

382 1484 586 1555 etiam
625 1475 877 1553 nostros
943 1477 1239 1547 homines
1294 1472 1359 1544 id
1388 1474 1601 1566 primo
1632 1468 1836 1543 fecisse
1865 1495 1997 1540 non
2044 1491 2285 1542 temere
2308 1469 2504 1542 nobis
2526 1468 2772 1565 fingere
2800 1469 3125 1560 videmur,
3159 1500 3313 1547 cum

318 1621 327 1628 ·
388 1581 474 1652 de
519 1577 758 1665 rebus,
794 1573 1031 1672 quibus
1072 1574 1227 1644 nihil
1254 1570 1344 1643 est
1378 1595 1529 1642 cum
1577 1569 1744 1642 sonis
1785 1593 2140 1643 commune
2190 1618 2213 1651 ‚
2249 1565 2525 1656 vocibus
2568 1565 3044 1662 significandis,
3076 1569 3199 1643 nifi
3247 1598 3314 1645 a.

389 1679 641 1772 liquam
689 1677 855 1747 inter
889 1697 993 1744 eas
1027 1668 1511 1743 sunilitudinem
1552 1686 1667 1743 aut
1694 1663 2289 1740 animadvertiffent
2323 1683 2441 1738 aut
2469 1667 2818 1763 imaginati
2847 1664 3044 1742 effent
3081 1719 3106 1756 ,
3134 1671 3311 1764 prin.

387 1777 560 1871 cipio
589 1774 705 1847 vix
744 1768 1135 1871 cogitassent.

576 1924 749 1995 Haec
773 1924 937 1996 vero
982 1924 1206 1994 omnia
1235 1917 1416 2015 signa
1442 1919 1693 1992 vocalia
1734 1919 1818 1995 ab
1870 1923 2060 1996 initio
2108 1946 2259 1995 cum
2296 1916 2657 1994 visibilibus
2680 1970 2703 2007 ‚
2757 1943 2897 1992 rem
2932 1913 3067 1991 fine
3097 1915 3306 1993 dubio

385 2019 617 2092 melius
643 2016 1258 2113 repraesentantibus
1288 2069 1311 2105 ‚
1353 2017 1827 2108 conjunxiffent
1864 2022 2142 2102 3deinde
2180 2018 2408 2093 sensim
2445 2022 2589 2093 haec
2616 2020 2847 2092 ultima
2874 2040 3192 2112 tanquam
3230 2044 3306 2093 o·

386 2114 721 2211 pero'fiora
753 2118 1149 2211 negligentes
1168 2168 1192 2203 ‚
1228 2142 1303 2189 ac
1328 2116 1608 2209 denique
1634 2142 1862 2191 eorum
1890 2119 2149 2212 prorsus
2174 2118 2403 2204 obliti,
2439 2120 2689 2202 vocalia
2717 2115 2847 2189 sola
2879 2113 3302 2190 retinuiffent.

378 2216 710 2289 Paulatim
733 2218 932 2288 etiam
971 2217 1053 2288 de
1080 2240 1328 2289 vocum
1353 2215 1421 2285 &
1453 2239 1671 2288 rerum
1703 2214 2119 2291 similitudine
2146 2219 2361 2290 minus
2388 2216 2613 2290 soliciti
2645 2215 2938 2289 fuiffent:
2976 2211 3303 2286 observas-

335 2345 345 2357 ·
383 2311 535 2385 sent·
559 2316 737 2387 enim
767 2317 936 2388 inter
976 2316 1186 2390 multa
1218 2311 1475 2387 vocalia
1510 2310 1688 2409 signa
1711 2367 1736 2403 ‚
1769 2341 2056 2408 quorum
2099 2318 2221 2391 alia
2267 2342 2366 2389 res
2415 2317 2618 2410 magis
2652 2317 2774 2386 alia
2826 2316 3041 2384 minus
3063 2309 3305 2407 reprae-

383 2410 709 2486 sentarent
736 2464 759 2501 ‚
792 2414 1095 2508 quaedam
1122 2413 1404 2487 fortuito
1432 2433 1695 2486 tantum
1719 2415 1870 2487 casu
1900 2441 2052 2487 cum
2088 2413 2285 2488 rebus
2314 2417 2665 2505 conjuncta
2689 2410 2887 2485 essent
2910 2461 2934 2497 ,
2976 2436 3171 2504 aeque
3202 2432 3297 2483 ta-

386 2531 541 2579 men
598 2513 822 2581 omnia
863 2512 947 2582 ad
983 2513 1304 2605 cogitatus
1342 2511 1595 2585 nostros
1636 2513 2116 2605 patefaciendos
2152 2509 2271 2584 effe
2322 2512 2816 2584 accommodata
2859 2540 2881 2590 ‚-
2925 2532 3002 2579 ac
3021 2511 3302 2601 denique

388 2602 690 2676 vidissent
712 2654 735 2690 ‚
767 2605 869 2691 se,
906 2611 1419 2700 quotiescunque
1452 2609 1690 2681 eodem
1737 2632 2036 2702 tempore
2063 2635 2200 2681 rem
2231 2611 2514 2702 aliquam
2565 2606 2972 2682 ostendissent
2995 2656 3016 2690 ‚
3064 2628 3181 2679 aut
3203 2605 3303 2677 su.

388 2723 501 2772 am
535 2705 615 2773 de
645 2701 753 2772 illa
783 2703 1249 2797 cogitationem
1295 2702 1580 2797 gestibus
1610 2708 2141 2797 qualitercunque
2183 2705 2730 2799 repraesentaffent
2757 2757 2777 2790 ‚
2813 2702 3132 2795 simulque
3181 2728 3300 2777 vo-

383 2823 531 2872 cem
558 2801 894 2893 aliquam,
920 2802 1407 2895 ‘qualiscunque
1439 2799 1634 2876 fuerit
1656 2854 1680 2889 ‚
1713 2803 2227 2899 pronuntiassent
2267 2856 2287 2891 ‚
2334 2805 2531 2897 idque
2585 2803 2778 2875 semel
2825 2819 3021 2895 atque
3052 2803 3295 2879 iterum

320 2928 333 2941 ·
380 2896 667 2969 feciffient
690 2948 714 2984 ‚
746 2899 945 2969 talem
994 2898 1057 2970 se
1081 2898 1387 2971 habitum
1420 2902 1786 2993 acquirere,
1835 2921 1910 2975 ut
1937 2927 2276 2996 nunquam
2310 2901 2529 2996 postea
2554 2926 2786 2974 vocem
2811 2903 2976 2973 hanc
3003 2927 3293 2995 pronun-

386 2997 548 3068 tiare
571 2993 816 3089 posfint
836 3047 860 3082 ‚
887 2998 1049 3089 quin
1092 2993 1279 3069 simul
1311 2999 1392 3068 de
1419 3022 1489 3070 re
1517 2999 1626 3070 illa
1675 3002 1985 3094 cogitent.
2059 3002 2255 3074 Unde
2278 3000 2463 3073 facile
2490 3000 2872 3073 concludere
2911 2998 3288 3092 potuissent,

383 3114 462 3167 ut
492 3119 689 3165 voces
720 3116 894 3186 aptae
928 3096 1405 3191 cogitationum
1433 3116 1619 3170 notae
1652 3094 1781 3171 fint
1801 3149 1826 3185 ,
1864 3123 2003 3172 non
2030 3096 2444 3171 necessarium
2471 3095 2589 3171 else
2616 3150 2637 3184 ,
2686 3120 2758 3170 ut
2785 3122 2923 3170 rem
2953 3099 3125 3170 illam
3150 3149 3171 3183 ,
3209 3099 3291 3193 de

383 3216 512 3285 qua
537 3193 902 3286 cogitamus
922 3243 945 3279 ‚
975 3211 1095 3266 aut
1127 3193 1390 3287 aliquod
1432 3196 1524 3267 rei
1571 3195 1961 3288 adjunctum
1986 3247 2010 3282 ‚
2029 3195 2491 3290 repraesentent
2530 3224 2552 3276 3
2585 3197 2688 3267 led
2722 3194 2895 3289 poffe
2922 3220 3043 3287 pro
3074 3193 3293 3264 lubitu

387 3314 848 3385 quamcunque
897 3315 1136 3365 vocem
1171 3292 1255 3365 ad
1303 3316 1445 3364 rem
1490 3294 1771 3386 aliquam
1812 3291 2302 3390 significandam
2340 3291 2567 3365 affumi
2592 3344 2614 3379 ‚
2650 3293 3016 3364 dummodo
3064 3292 3296 3363 eadem

272 3432 285 3437 —
384 3387 634 3482 semper
657 3414 796 3462 vox
826 3391 1181 3463 retineatur
1205 3440 1229 3476 ,
1264 3391 1599 3484 totiesque
1627 3416 1760 3463 una
1785 3417 1938 3464 cum
1975 3388 2025 3462 fi
2122 3392 2137 3408 ⁶
2194 3416 2336 3465 rem
2363 3387 2973 3482 repraesentantibus
3001 3413 3293 3482 pronun-

381 3490 582 3657 tieffr
604 3537 629 3573 ‚
658 3486 907 3583 donec,
947 3487 1179 3562 habitu
1218 3485 1613 3563 confirmato
1637 3541 1660 3578 ‚
1696 3490 1805 3562 illa
1828 3515 1971 3565 vox
2034 3514 2145 3562 me
2180 3491 2277 3561 his
2306 3485 2499 3582 fignis
2540 3488 2750 3561 menti
2790 3484 3120 3560 observari
3157 3512 3294 3560 non

383 3609 472 3677 Po
526 3607 601 3658 ¹1·
2370 3672 2374 3676 .
3209 3610 3214 3619 “

396 3744 403 3755 .
577 3691 800 3778 Atque
825 3687 930 3756 hic
954 3708 1147 3757 nemo
1178 3701 1436 3780 quaerat
1464 3737 1486 3772 ,
1514 3710 1645 3779 qua
1669 3687 1921 3761 ratione
1944 3687 2100 3760 duae
2142 3685 2566 3780 cogitationes
2611 3678 3054 3758 diversiffimae
3075 3736 3099 3771 ‚
3126 3712 3295 3781 qua·

383 3783 459 3854 lis
486 3809 553 3854 v.
589 3809 681 3877 gr.
721 3782 811 3855 est
826 3781 1091 3854 auditus
1115 3785 1307 3875 hujus
1338 3785 1519 3856 vocis
1566 3791 1739 3858 Dens
1762 3836 1786 3871 ‚
1820 3788 1886 3858 &
1910 3786 2223 3881 cogitatio
2254 3786 2335 3857 de
2370 3802 2502 3856 ente
2525 3783 2937 3879 perfer‘bffimo
2970 3835 2991 3869 ‚
3025 3786 3115 3857 ita
3143 3811 3298 3859 con-

382 3882 568 3975 jungi
600 3880 953 3975 possint‚ut
984 3883 1271 3975 priorem
1306 3904 1643 3975 nunquam
1671 3881 2052 3972 habeamus,
2078 3886 2238 3980 quin
2259 3884 2457 3956 altera
2484 3887 2693 3956 menti
2717 3880 2953 3981 nostrae
2985 3879 3298 3957 obverse·-

384 4001 514 4051 tur.
588 3982 762 4052 Cum
786 3983 967 4053 enim
1004 3979 1185 4051 nulla
1218 3981 1703 4073 propemodum
1733 3985 2043 4076 cogitatio
2067 4035 2092 4071 ,
2131 3981 2492 4077 praesertim
2529 3981 2740 4054 sensus
2764 3984 2829 4054 &
2856 3982 3287 4075 imaginatio,

383 4076 465 4149 fit
483 4129 508 4165 ,
549 4104 744 4172 quam
784 4105 923 4151 non
955 4099 1180 4151 motus
1202 4078 1434 4172 aliquis
1459 4079 1709 4151 cerebri
1749 4084 2098 4153 comitetur
2124 4133 2147 4169 ,
2175 4080 2359 4154 facile
2383 4083 2527 4174 quis
2550 4082 2872 4174 concipiet
2895 4130 2917 4166 ,
2947 4075 2996 4150 fi
3016 4079 3140 4167 bis,
3168 4102 3296 4168 ter,

383 4195 615 4270 quater
638 4199 752 4250 aut
776 4180 1078 4271 amplius,
1106 4178 1243 4250 duo
1271 4194 1496 4249 motus
1522 4178 2003 4272 conjungantur
2032 4230 2055 4266 ‚
2082 4177 2422 4253 cerebrum
2446 4232 2469 4269 ‚
2496 4181 2681 4274 cujus
2702 4177 3053 4251 substantia
3077 4178 3304 4252 adm'o-

383 4276 547 4347 dum
585 4276 837 4362 mollis,
870 4276 1193 4370 fibraeque
1222 4300 1540 4369 perquam
1580 4274 1821 4351 flexiles
1853 4276 2002 4350 sunt
2046 4328 2071 4365 ‚
2116 4302 2268 4350 eam
2300 4275 2784 4372 dispositionem
2838 4278 2903 4348 &
2931 4273 3302 4349 conforma-

381 4375 638 4447 tionem
685 4376 1014 4469 acquirere
1036 4424 1060 4462 ,
1108 4395 1188 4446 ut
1211 4375 1458 4448 horum
1487 4395 1799 4449 motuum
1824 4402 1959 4451 non
1988 4375 2193 4450 modo
2230 4396 2462 4450 neuter
2507 4378 2785 4450 alterum
2813 4372 3165 4464 impediat,
3193 4372 3302 4443 sed

383 4475 583 4545 etiam
621 4473 780 4545 alter
807 4473 1086 4545 alterurn
1106 4473 1306 4566 juvet
1326 4474 1393 4547 8c
1429 4495 1822 4568 promoveat
1847 4527 1870 4563 ‚
1921 4478 2013 4549 ita
2049 4493 2130 4547 ut
2175 4500 2514 4569 nunquam
2565 4471 2812 4547 facilius
2835 4465 2957 4537 fiat
2981 4491 3150 4538 unus
3187 4469 3305 4537 ho-

380 4596 533 4645 rum
580 4591 890 4649 motuum
926 4621 951 4659 ‚
989 4594 1191 4667 quam
1230 4568 1281 4643 fi
1318 4573 1412 4647 ita
1451 4571 1797 4648 cerebrum
1836 4573 1928 4649 est
1967 4572 2350 4672 dispositum
2389 4593 2467 4647 ut
2502 4569 2629 4643 fuit
2673 4558 3021 4651 saepiffime
3054 4576 3248 4669 imtfm
3276 4608 3304 4644 2

3171 4678 3215 4727 ι.
3244 4678 3302 4728 e.
