4188 5670
929 350 1078 421 226
1905 306 2469 445 Vnuircrae
2587 336 3017 432 Junrcn

927 527 1236 623 plicarem
1262 574 1286 613 ,
1344 518 1502 620 quid
1552 521 1937 614 per„‚1deam
1981 518 2271 611 corporis
2310 515 2762 616 perfectiffuni
2805 519 3159 614 intelligam
3185 550 3213 609 ς
3236 499 3873 598 'oefflmbus'aiva

899 626 1200 699 xnandum
1241 622 1637 720 relinquerem
1657 670 1683 706 ,
1744 641 2102 715 quamnam
2150 639 2235 687 ex
2288 617 2503 692 tribus
2521 671 2545 708 ‚
2615 618 2703 692 ab
2745 618 2884 714 ipso
2952 620 3152 717 allatis
3172 672 3200 710 ,
3266 619 3858 717 fignificationibus

930 725 1217 818 corporis
1238 712 1673 814 perfecliffimi
1700 718 1971 813 sequar3
2014 715 2229 788 immo
2277 741 2354 789 ac
2424 714 2474 791 fi
2536 718 2789 792 viderer
2840 745 2955 815 per
3021 744 3263 817 corpus*
3315 716 3858 815 perfeetiffimum

928 825 1319 916 intelligere,
1372 841 1608 910 corpus
1641 819 1769 891 tale
1793 868 1816 904 ‚
1865 814 2047 910 quod
2088 837 2228 886 non
2280 833 2540 890 tantum
2583 819 2904 912 corporis,
2955 816 3064 891 sed
3103 820 3318 897 ἆσλῖὶς
3345 846 3538 893 omnes
3559 829 3715 894 entis
3748 821 3857 894 ha-

930 922 1072 995 beat
1107 918 1509 1012 perfefliones:
1562 919 1670 989 cui
1714 918 1869 990 Ideae
1887 916 2132 1012 fiffltiae
2161 914 2226 985 St
2246 964 2270 1000 ‚
2313 933 2392 987 ut
2427 921 2599 991 redte
2641 917 2958 1012 appellat,
2989 917 3201 1008 stulta
3230 967 3257 1005 ‚
3281 918 3492 1010 ficum
3507 926 3817 1015 pugnanti
3828 968 3853 1004 2

932 1018 1297 1111 blasphemia
1324 1023 1556 1088 innexae
1577 1065 1601 1101 ‚
1652 1013 2019 1088 refutandae
2069 1014 2401 1107 integrum
2450 1018 2932 1111 paragraphum
2979 1015 3348 1109 impendit3
3400 1019 3471 1092 in
3519 1042 3657 1114 quo
3711 1040 3857 1091 tan-

935 1117 1090 1192 dem
1129 1114 1458 1190 concludit
1483 1164 1507 1201 ‚
1526 1113 1685 1188 hanc
1699 1114 2009 1211 fiHionon
2055 1114 2404 1208 confirmare
2447 1116 2853 1190 idololatriam
2898 1115 3257 1191 Gentilium.

997 1288 1003 1295 ’
1128 1261 1315 1338 Nihil
1356 1285 1516 1333 vero
1566 1260 1807 1330 horum
1846 1255 2096 1332 dixiffet
2145 1260 2243 1332 Cl.
2298 1256 2543 1333 Censor
2566 1309 2591 1346 ,
2665 1255 2716 1330 fi
2763 1261 2969 1334 modo
3018 1261 3163 1334 haec
3210 1285 3358 1334 mea
3401 1256 3609 1336 verba
3678 1285 3859 1359 aper-

935 1362 1180 1441 tiffima
1209 1356 1447 1455 legifl'et
1466 1386 1494 1431 ε.
1507 1359 1742 1449 ,Corpus
1760 1357 2248 1454 perfec‘liffi'mum
2273 1360 2351 1450 est
2377 1403 2402 1441 ,
2482 1357 2608 1431 uod
2628 1383 2824 1432 omnes
2835 1360 3211 1457 perficliones
3239 1360 3452 1434 habet.
3486 1385 3859 1462 quacunque

937 1473 1006 1538 in
1023 1487 1232 1559 corpus
1257 1458 1465 1537 cadere
1486 1452 1720 1551 poff'unt
1738 1484 1760 1525 .-
1809 1475 1995 1549 prout
2039 1465 2162 1530 Ens
2189 1384 2675 1551 perfic‘t‘ffiimmn
2716 1462 2794 1550 est
2823 1503 2843 1532 ‚
2896 1459 3065 1559 quod
3110 1484 3304 1534 omnes
3347 1459 3526 1539 habet
3550 1461 3859 1561 perftHio·

937 1589 1039 1635 nes
1057 1612 1081 1649 ‚
1134 1583 1504 1657 quaecunque
1540 1561 1609 1625 in
1656 1562 1775 1626 Ens
1816 1553 2040 1651 ‘cadere
2084 1554 2343 1650 pqffunt.
2394 1554 2533 1629 Ubi
2559 1553 2895 1635 clariffime
2939 1558 3248 1647 ostende,
3286 1559 3442 1652 quid
3523 1582 3593 1631 er
3624 1580 3857 1650 corpus

937 1652 1474 1756 perfectiffimum
1531 1653 1889 1748 intelligam
1911 1704 1937 1741 ‚
1965 1656 2034 1728 &
2073 1652 2414 1750 quomodo
2449 1655 2514 1727 id
2565 1651 2652 1726 ab
2683 1657 2853 1729 Ente
2903 1656 3110 1735 ἅπλῶς
3158 1655 3424 1751 perfesti
3505 1681 3617 1728 mo
3636 1656 3850 1728 distin-

938 1780 1162 1855 guam.
1228 1755 1415 1827 Idem
1444 1777 1579 1826 non
1614 1753 2026 1827 minusclare
2077 1753 2301 1828 videre
2370 1771 2582 1828 oter-at
2603 1779 2853 1851 paragr.
2911 1755 3145 1830 XIII.
3199 1756 3321 1828 ubi
3349 1755 3535 1843 dico,
3566 1779 3675 1826 me
3710 1778 3855 1827 con·

937 1856 1165 1931 cedere
1190 1905 1213 1941 ‚
1271 1853 1354 1927 ad
1395 1851 1621 1927 Ideam
1669 1854 1958 1947 corporis
2000 1779 2441 1949 perfeffissi'mi
2493 1878 2611 1926 non
2660 1862 2960 1948 pertinere
3008 1860 3380 1951 mstentiam
3432 1853 3809 1949 neceffaeriam
3830 1901 3852 1938 ,

912 1973 1018 2028 -ut
1055 1954 1334 2048 pertinet
1390 1951 1472 2025 ad
1512 1951 1737 2031 Ideam
1786 1952 1967 2027 Entis
2018 1948 2492 2046 perfeclziffimi:
2549 1971 2619 2027 at
2659 1954 2981 2047 pertinere
3030 1972 3297 2027 tantum
3333 1953 3416 2026 ad
3441 1953 3584 2046 ejus
3633 1953 3854 2025 {deam

938 2057 1313 2146 existentiam
1349 2058 1807 2146 contingentem,
1847 2050 2052 2145 qualis
2081 2050 2177 2127 est
2216 2050 2559 2131 existentia
2607 2054 2735 2126 mei
2784 2054 3074 2145 corporis
3119 2056 3185 2126 δι
3227 2055 3508 2126 aliorum
3531 2052 3851 2144 plurium,-

938 2177 1096 2233 ,cum
1141 2150 1408 2238 {nnllam
1445 2145 1909 2244 perfectionem
1946 2151 2206 2244 corpori
2243 2144 2707 2245 perfedkiffimo
2746 2148 2986 2247 poffim
3033 2176 3265 2246 negare
3293 2198 3310 2226 .
3359 2175 3514 2245 quae
3544 2152 3613 2222 in
3641 2168 3851 2221 meum

942 2269 1062 2324 aut
1106 2249 1280 2321 aliud
1321 2249 1758 2342 quodcunque
1815 2271 2052 2342 ,corpus
2103 2247 2331 2331 cadere·
2362 2246 2605 2351 potest.
2695 2252 2872 2335 Cum
2919 2247 3159 2328 umbra
3215 2251 3413 2347 igitur
3466 2250 3574 2327 hic
3612 2266 3850 2350 pugnat

945 2349 1049 2433 (21.
1077 2345 1540 2444 Antagonista,
1572 2370 1710 2423 non
1732 2368 2014 2423 mecum·
3206 2352 3219 2356 ’
3349 2356 3353 2360 ’

1143 2500 1223 2576 Id
1262 2501 1474 2576 solum
1515 2528 1622 2576 me
1645 2506 1863 2594 tangit
1882 2520 1906 2591 ·‚
1927 2499 2255 2597 quod-de
2285 2501 2397 2575 illo
2439 2499 2574 2601 ait,
2612 2499 2733 2598 qui
2781 2508 2896 2599 p'er
2922 2528 3158 2601 corpus
3203 2501 3731 2598 perfeetiffimum
3767 2501 3854 2572 in—

939 2598 1215 2693 telligit,
1246 2601 1430 2697 quod
1479 2623 1708 2676 omnes
1752 2601 2178 2693 perfectiones
2223 2599 2424 2674 habet
2445 2648 2473 2686 ,
2510 2622 2820 2696 ·quarum
2868 2628 3103 2699 corpus
3154 2628 3358 2697 capax
3391 2604 3483 2678 est
3534 2608 3567 2693 (
3616 2605 3654 2677 ὲ
3704 2624 3853 2695 quo·

939 2720 1099 2771 rum
1158 2724 1437 2775 numero
1478 2726 1643 2774 num
1667 2722 1796 2795 ego
1843 2699 2007 2789 fim,
2047 2704 2138 2777 ita
2167 2699 2452 2796 quaerit,
2505 2698 2651 2773 acsi
2696 2704 2824 2779 hoc
2846 2701 2996 2775 effet
3047 2701 3428 2795 incertum)
3458 2703 3540 2776 de
3587 2705 3711 2777 hoc
3747 2722 3853 2770 ve-

947 2821 1030 2867 ro
1068 2796 1160 2869 ait
1176 2850 1201 2885 ‚
1230 2826 1370 2874 eum
1416 2800 1750 2875 arbitrium
1801 2801 1880 2875 de
1924 2800 2184 2897 poffibili
2221 2823 2430 2875 rerum
2457 2801 2809 2897 peffefflione'
2829 2853 2852 2890 ‚
2903 2803 3165 2904 adeoque
3193 2801 3549 2876 aedilitatem
3575 2800 3707 2894 fine
3729 2795 3857 2891 suf-

930 2893 1182 2987 fragiae,
1201 2897 1317 2984 fibi
1332 2899 1577 2987 fiemere
1602 2951 1626 2987 ‚
1661 2900 1838 3000 quast
1859 2904 2088 2973 divinae
2117 2906 2329 2975 mentis
2347 2900 2559 2993 juiius
2593 2899 2686 2990 fit
2728 2905 3004 2983 ἐπόπτης.
3085 2905 3266 2992 Qae
3312 2901 3521 2975 verba
3562 2902 3743 2973 aliter
3772 2899 3857 2968 in·

948 2989 1234 3084 teuigere
1291 3018 1547 3087 nequeo
1576 3049 1601 3084 ,
1658 3021 1860 3088 quam
1881 3046 1905 3082 ‚
1959 2998 1996 3068 ὲ
2037 2996 2232 3069 nobis
2270 2997 2420 3068 ideo
2493 2998 2747 3088 concipi
2791 3023 2930 3071 non
2988 2996 3163 3094 poffe
3228 3024 3463 3094 corpus
3503 2990 3860 3094 perfectiffi·

941 3109 1140 3167 mum
1157 3140 1181 3175 ,
1234 3092 1387 3185 quia
1440 3092 1557 3163 soli
1610 3094 1759 3165 Deo
1791 3094 2076 3187 cognitae
2098 3090 2229 3165 -sint
2253 3117 2483 3165 omnes
2506 3092 2838 3187 poffibiles
2860 3096 3286 3193 perfectiones
3320 3100 3612 3200 corporis
3634 3148 3661 3188 ,
3693 3117 3862 3192 quae-

949 3201 1079 3284 que
1115 3210 1461 3287 propterea
1482 3187 1569 3263 ab
1594 3191 1863 3264 homine
1897 3192 2265 3280 enumerari
2292 3213 2641 3285 nequeant.

1068 3421 1074 3427 ,
1144 3346 1272 3444 Sed
1316 3348 1399 3422 ad
1450 3348 1614 3437 hoc,
1656 3364 1735 3419 ut
1776 3342 2140 3438 concipiam
2161 3353 2442 3441 ingenere
2464 3371 2703 3441 corpus
2730 3339 3262 3439 perfefflffimum
3288 3395 3313 3434 ‚
3354 3349 3398 3418 i.
3424 3341 3479 3420 e.
3513 3344 3689 3442 quod
3726 3369 3868 3418 om-

948 3478 1065 3526 nes
1094 3442 1423 3546 poffibiles
1460 3446 1886 3543 perfectiones
1919 3446 2209 3539 corporis
2238 3442 2476 3520 habeat
2494 3498 2518 3533 ,
2547 3467 2752 3540 utque
2787 3443 2984 3517 sciam
3003 3467 3049 3531 ,·
3069 3445 3475 3518 existentiam
3497 3446 3871 3538 contingen·

943 3571 1094 3622 tem
1144 3546 1264 3621 effe
1297 3549 1465 3621 inter
1513 3549 1627 3621 has
1684 3544 2110 3641 perfectiones
2133 3595 2156 3631 ,
2216 3565 2354 3615 non
2404 3543 2644 3619 neceffe
2693 3542 2783 3616 est
2801 3593 2824 3629 ‚
2878 3564 2981 3624 ,ut
3023 3540 3262 3639 poffim
3290 3547 3607 3636 speciatim
3652 3566 3871 3614 omnes

956 3649 1244 3740 corporis
1286 3641 1615 3741 poffibiles
1659 3643 2086 3737 perfectiones
2123 3665 2543 3716 enumerare:
2591 3638 2875 3731 suffieit,
2936 3661 3016 3713 ut
3075 3646 3417 3730 noverim,
3477 3642 3876 3717 existentiam
3922 3733 3933 3742 .

955 3746 1445 3839 contingentem
1493 3742 1612 3818 effi:
1648 3740 2167 3834 perfetstionem,
2226 3741 2412 3830 eujus
2454 3766 2691 3835 corpus
2762 3737 2844 3812 sit
2911 3761 3137 3834 capax.
3173 3775 3179 3780 ·
3242 3742 3829 3836 Qemadmodum
3854 3791 3876 3828 ,

957 3861 1036 3915 ut
1081 3844 1444 3936 concipiam
1491 3844 1619 3913 Ens
1664 3835 2196 3932 perfefflffimum
2219 3888 2245 3925 ,
2297 3841 2363 3911 δι
2388 3837 2581 3912 sciam
2608 3889 2632 3925 ‚
2689 3837 3092 3912 existentiam
3145 3839 3548 3914 neceflariam
3609 3841 3696 3913 ad
3747 3842 3882 3932 ejus

957 3940 1196 4014 Ideam=
1230 3942 1586 4029 pertinere,
1643 3960 1785 4009 non
1838 3936 2232 4026 requiritur,
2296 3950 2658 4008 uto'omnes
2703 3935 3130 4030 perfectiones
3170 3939 3353 4011 Entis
3390 3936 3727 4033 poffibiles
3750 3937 3882 4034 spe·

957 4040 1176 4111 ciatim
1217 4059 1596 4109 enumerare
1651 4033 1945 4111 valeam3
1993 4030 2100 4104 sed
2140 4028 2423 4122 sufficit;
2444 4054 2522 4108 ut
2559 4033 2982 4132 cognoscam,
3017 4033 3422 4114 existentiam
3467 4037 3875 4113 neoeflariam

958 4132 1077 4210 effe
1108 4134 1572 4234 perfectionem
1592 4184 1618 4223 ‚
1675 4132 1857 4224 eujus
1890 4130 2022 4204 Ens
2049 4126 2139 4203 s1t'
2170 4153 2395 4225 capax.
2572 4151 2577 4155 ’

1149 4286 1307 4380 -Pag.
1357 4279 1579 4356 XIV.
1633 4280 1951 4375 Prop'onit
1999 4284 2317 4378 tanquam
2379 4279 2683 4358 affer-tum
2735 4309 2954 4360 meum
3012 4313 3033 4362 z
3073 4286 3326 4382 supponi
3374 4332 3396 4368 ,
3450 4309 3574 4360 non
3634 4285 3900 4378 constare

964 4386 1131 4487 quod
1153 4384 1297 4458 Idea
1317 4389 1447 4470 ‘Dei
1473 4380 1560 4473 sit
1602 4380 1747 4462 Idea
1771 4387 1926 4454 entis
1946 4382 2123 4455 realis
2152 4408 2296 4456 vere
2344 4403 2521 4455 extra
2568 4385 2932 4458 intelleHum
2970 4391 3283 4479 existentis.
3357 4384 3528 4478 Qis
3570 4408 3714 4456 non
3757 4386 3899 4458 haec

963 4488 1188 4581 legens·
1206 4481 1494 4557 erederet
1516 4530 1541 4568 ‚
1593 4504 1701 4551 me
1729 4479 2006 4553 stantere
2031 4509 2058 4563 ς
2100 4497 2237 4552 non
2282 4480 2571 4553 constare
2597 4532 2621 4568 ,
2670 4507 2758 4554 an
2809 4484 2963 4557 Idea
3007 4486 3137 4557 Dei
3189 4482 3272 4557 fit
3307 4484 3462 4557 Idea
3512 4484 3703 4556 Entis
3744 4506 3901 4556 vere

968 4584 1292 4659 existentis
1315 4579 1364 4651 ἲ·
1407 4578 1589 4673 quod
1637 4575 1939 4651 aflertum
1991 4604 2130 4650 non
2179 4576 2617 4654 monstrosum
2666 4598 2928 4658 tantum
2980 4581 3131 4656 efl'et
3153 4632 3178 4669 ,
3226 4601 3305 4655 ut
3351 4583 3388 4653 ὲ
3418 4580 3589 4655 Viro
3631 4583 3739 4655 cl.
3782 4606 3902 4656 vo-

959 4705 1190 4769 -catur,
1244 4678 1350 4753 sed
1401 4703 1601 4771 purus
1646 4696 1848 4772 putus
1881 4675 2271 4756 Adaeifinus:
2348 4679 2440 4755 At
2495 4677 2747 4775 legatur
2794 4682 3232 4780 paragraphus
3282 4701 3471 4757 meus
3514 4681 3744 4760 XVI.
3806 4681 3927 4767 ni-‚

969 4782 1061 4856 hil
1098 4780 1290 4875 hujus
1335 4773 1692 4877 apparebit.
3739 4779 3906 4875 Agi-
