4188 5670
942 321 1093 408 226
2123 299 2740 411 3Onar1e

933 498 1061 571 tim
1091 519 1247 569 cum
1280 492 1449 566 veris
1475 486 1763 565 adventu
1802 485 1972 558 vires
2022 476 2210 573 eius,
2267 501 2347 555 ut
2394 481 2465 554 &
2505 473 2843 576 praeterito
2898 497 3075 554 anno
3116 479 3502 581 contigerat
3525 473 3908 582 ‚3‘qu0quo

935 597 1141 668 modo
1170 610 1507 668 renovatae
1537 587 1930 661 viderentur.
2015 576 2143 655 Sed
2185 581 2486 673 praecidit
2543 573 2733 650 nobis
2777 576 2844 648 8ι
2905 579 3078 651 haue
3125 576 3307 677 spem
3345 578 3597 655 morbi
3656 584 3906 665 videa,

937 691 1217 769 tissimus
1238 743 1263 778 ‚
1315 692 1427 784 qui
1474 684 1685 780 ipsum
1734 682 1950 756 subito
1995 680 2316 771 corripuit
2331 726 2358 767 ,
2408 673 2866 775 paroxysmus2
3683 688 3692 695 ·

1133 797 1358 882 Qem
1388 784 1690 858 lethalem
1718 779 1836 855 effe
1870 805 2023 857 cum
2053 775 2361 853 sentirent
2383 772 2773 862 domestici,
2832 774 3140 870 appellati
3163 771 3630 854 Venerandus
3663 784 3901 856 va‘n·

926 912 1145 985 germ,
1198 887 1435 962 nostrae
1483 879 1784 982 Ecclesiae
1828 877 2145 961 Antistes,
2195 880 2261 948 ἃ
2305 875 2456 970 post
2497 874 2667 948 Rev.
2729 873 3000 969 Collega
3051 874 3191 967 ejus
3247 881 3606 951 Battierioe
3634 929 3662 968 ,
3723 881 3894 955 inve.

940 1007 1181 1065 nerunt
1216 1011 1329 1060 eor
1365 983 1504 1075 ejus
1551 1001 1693 1054 tam
1740 979 2139 1062 contritum,
2196 992 2343 1046 tam
2377 972 2670 1058 humile,
2725 990 2867 1044 tam
2900 969 3229 1065 abnegans
3276 971 3340 1047 fi»,
3389 974 3644 1070 ipsum
3672 1029 3700 1065 ‚
3764 999 3891 1053 tam

939 1083 1245 1161 anhelans
1276 1085 1407 1156 Dei
1444 1077 1950 1153 misericordiam
1974 1127 1998 1164 ,
2056 1092 2247 1147 tanto
2297 1073 2528 1147 ardore
2587 1068 2967 1165 confugiens
3016 1070 3100 1143 ad
3153 1090 3456 1149 mortem
3522 1078 3596 1150 &
3649 1073 3890 1171 (angui.

812 1237 819 1241 -
941 1208 1095 1259 nem
1140 1183 1501 1259 Servatoris
1554 1172 1651 1251 sui
1672 1229 1697 1267 ‚
1746 1199 1890 1249 tam
1937 1166 2318 1246 submiffum
2367 1172 2516 1245 Deo
2582 1163 2909 1263 ipsiusque
2964 1168 3298 1243 voluntati
3323 1220 3350 1258 ,
3421 1189 3583 1245 tam

938 1310 1063 1379 pto
1110 1277 1366 1357 benefic
1387 1281 1439 1352 is
1476 1274 1561 1350 ab
1629 1302 1711 1351 eo
1763 1274 2037 1368 acceptis
2061 1321 2087 1359 ,
2141 1271 2308 1343 inter
2362 1294 2517 1366 quae
2555 1269 2621 1339 ἃ
2678 1266 3168 1363 castigationes,
3214 1269 3385 1342 hanc
3436 1272 3884 1367 ultimamque

874 1426 903 1436 t
941 1383 1232 1477 inprimis
1262 1431 1286 1467 ‚
1331 1374 1652 1451 referebat
1673 1424 1698 1461 ‚
1743 1393 1882 1448 tam
1913 1371 2183 1467 plenum
2225 1370 2551 1443 charitatis
2570 1414 2596 1453 ‚
2657 1384 2849 1440 tanto
2879 1363 3158 1461 flagrans
3196 1365 3531 1443 desiderio
3554 1420 3582 1457 ‚
3642 1370 3772 1444 Dei
3821 1373 3881 1444 &

818 1546 833 1557 .
908 1481 1301 1556 ‘Servatoris
1333 1474 1430 1549 sui
1471 1473 1853 1569 propediem
1885 1468 2190 1544 videndi=
2240 1464 2449 1543 verbo
2474 1517 2498 1557 ‚
2538 1469 2936 1539 invenerunt
2983 1484 3127 1538 tam
3174 1464 3526 1563 perspicua
3564 1466 3886 1542 infucata>

937 1576 1387 1674 resipiscentiae
1440 1597 1747 1667 veraeque
1790 1567 1943 1643 fidei
1984 1566 2265 1654 indicia,
2329 1586 2408 1642 ut
2452 1590 2593 1640 non
2644 1561 3067 1653 dubitarent,
3124 1566 3184 1639 ei
3210 1562 3686 1661 promissiones
3735 1591 3869 1641 om-

938 1703 1055 1750 nes
1079 1727 1103 1762 ‚
1158 1670 1459 1748 fidelibus
1508 1672 1577 1743 in
1628 1674 1811 1744 Evan
1857 1669 1984 1743 elio
2036 1663 2280 1753 fastas,
2343 1666 2705 1763 applicare,
2748 1664 2956 1760 iisque
3000 1686 3155 1740 eum
3208 1683 3448 1740 contra
3503 1666 3871 1762 ingruentes
3933 1718 3940 1722 —

937 1775 1170 1866 mortis
1218 1792 1499 1846 terrores
1550 1763 1824 1843 efficacii
1950 1791 1985 1841 e
2009 1766 2276 1861 erigere.

1136 1922 1337 2001 Adfui
1392 1949 1516 2018 ego
1544 1976 1566 2013 ‚
1629 1946 1954 2018 quantum
2004 1926 2069 1998 &
2116 1924 2373 2020 quoties
2414 1924 2604 2017 potui
2627 1972 2652 2010 ,
2688 1922 2858 1996 lecto
2896 1917 3261 2008 amiciffimi
3284 1923 3615 2010 hominis,
3654 1937 3848 2013 quem

937 2022 1126 2098 brevi
1180 2048 1287 2096 me
1319 2019 1696 2094 amifl'urum
1734 2021 2079 2095 cernebam
2103 2074 2128 2111 ‚
2183 2024 2251 2095 δι
2301 2045 2433 2095 una
2464 2045 2732 2095 mecum
2774 2022 2897 2094 Vir
2927 2021 3177 2097 Nostro
3199 2075 3222 2109 ‚
3258 2023 3427 2095 dum
3450 2023 3610 2096 vixit
3631 2067 3655 2104 ‚
3697 2039 3843 2089 con-

933 2118 1370 2218 junctiffimus
1389 2170 1413 2210 ‚
1459 2117 1863 2192 Clariffimus
1913 2121 2172 2194 Doe‘tor
2212 2122 2453 2221 Becke'tae
2480 2170 2505 2207 ‚
2564 2121 2826 2216 Logioee
2857 2124 3015 2195 artis
3059 2117 3413 2196 Professor,
3449 2122 3516 2195 ἆ
3539 2139 3705 2191 nunc
3741 2114 3846 2187 Sa-

937 2226 1173 2318 pientis
1210 2219 1483 2297 Ordinis
1528 2219 1833 2291 Decanus
1875 2216 2304 2315 digniffimus.
2391 2215 2498 2293 Ab
2529 2242 2663 2301 una
2685 2241 2868 2314 parte
2901 2219 3350 2293 miserandum
3377 2217 3583 2301 ,nobis
3620 2213 3848 2308 speda-

937 2322 1163 2392 culum
1212 2340 1350 2392 erat
1372 2368 1395 2402 ‚
1459 2342 1613 2389 cum
1682 2317 2094 2403 videremus,
2152 2317 2356 2389 talem
2416 2318 2733 2391 Amicum
2761 2368 2786 2405 ‚
2835 2308 3226 2412 graviflimis
3255 2316 3524 2412 peston-is
3561 2312 3842 2385 anxieta-

936 2415 1119 2490 tibus
1177 2413 1311 2488 fine
1344 2413 1500 2486 'ulla
1548 2410 2018 2488 intermistione
2066 2411 2345 2510 preffum
2372 2465 2395 2501 ‚
2455 2416 2521 2487 &
2560 2439 2727 2507 pene
2776 2413 3149 2510 oppressum
3181 2465 3206 2504 ,
3255 2439 3386 2487 una
3422 2436 3572 2485 cum
3602 2406 3701 2480 siti
3738 2408 3832 2477 in-

933 2513 1294 2603 tolerabili,
1399 2537 1506 2586 uae
1564 2514 1745 2586 nullo
1802 2531 1999 2606 potus
2044 2537 2282 2608 genere
2329 2511 2639 2606 restingui
2710 2532 2975 2608 poterat
3001 2541 3024 2585 ε
3080 2512 3169 2588 ab
3211 2514 3406 2587 altera
3458 2533 3609 2584 vero
3651 2522 3837 2600 parte

934 2636 1071 2688 non
1108 2612 1241 2687 sine
1282 2613 1349 2683 in
1377 2614 1514 2707 igni
1548 2610 1776 2686 solatio
1821 2613 1885 2684 &
1926 2609 2368 2686 aedificatione
2418 2608 2899 2707 excipiebamus
2946 2613 3089 2706 ejus
3137 2610 3485 2686 sermones·
3555 2606 3677 2680 Nss
3715 2600 3846 2676 sete

930 2711 1359 2787 audiebamus
1380 2762 1404 2799 ,
1457 2731 1698 2807 praeter
1732 2713 1843 2808 pia
1894 2711 1978 2785 ad
2013 2709 2253 2784 'Deum
2301 2707 2562 2804 suspiria
2590 2761 2613 2797 ‚
2663 2735 2882 2805 preces
2926 2712 3270 2785 continuas
3290 2757 3314 2791 ,
3371 2711 3540 2782 dieta
3558 2707 3622 2781 S.
3652 2703 3849 2796 Scrip-

930 2833 1105 2887 turae
1157 2810 1385 2886 selecsta
1410 2862 1432 2897 ‚
1475 2809 1716 2907 quibus
1746 2810 1806 2886 se
1847 2812 1930 2886 ad
1968 2828 2343 2884 extremum
2377 2831 2707 2884 certamen
2737 2809 2991 2905 pridem
3021 2812 3349 2884 munierat
3382 2828 3685 2903 magnam
3713 2824 3841 2897 pat*

930 2931 1067 2982 tem
1096 2935 1202 2984 -ex
1242 2907 1501 2982 Psalmis
1550 2914 1792 3004 petita:
1840 2936 1994 3008 quae
2023 2933 2200 2981 nunc
2243 2908 2589 2982 vernacula
2619 2959 2641 2996 ,
2692 2933 2868 2981 nunc
2891 2910 3187 3005 originali
3218 2910 3436 3004 lingua
3460 2900 3838 3001 proferebat·

927 3007 1142 3080 Modo
1202 3005 1265 3079 se
1320 3025 1397 3077 ut
1428 3031 1852 3106 ,peccatorem
1907 3010 2055 3079 Deo
2108 3003 2410 3077 sistebat:
2454 3006 2659 3077 modo
2709 3007 2850 3099 ejus
2894 3005 3392 3081 misericordiam
3422 2998 3836 3099 implorabat}

952 3104 1163 3179 modo
1191 3103 1274 3174 ad
1302 3102 1567 3174 Patrem
1604 3104 1922 3178 coelestem
1963 3101 2087 3176 fibi
2129 3103 2486 3197 propitium
2528 3103 2970 3193 reddendum,
3013 3107 3165 3179 huic
3205 3102 3441 3179 Christi
3483 3099 3837 3197 sanguinem

953 3197 1415 3303 proponebatt
1470 3197 1676 3276 modo
1729 3206 1766 3274 a
1812 3204 1961 3274 Deo
2027 3223 2229 3272 omne
2278 3199 2342 3274 se
2383 3202 2702 3276 auxilium
2752 3206 3141 3299 expediere,
3192 3204 3263 3276 in
3309 3206 3437 3276 hoc
3483 3221 3737 3276 omnem
3771 3189 3838 3265 fi*

958 3304 1217 3377 duciam
1264 3298 1444 3372 suam
1474 3302 1662 3375 unice
1705 3297 2054 3396 repositam
2100 3296 2221 3372 effe
2262 3297 2695 3382 ostendebam
2731 3303 3011 3395 huicque
3049 3302 3383 3390 animam,
3438 3301 3580 3393 jam
3612 3300 3735 3390 jam
3761 3309 3836 3364 ex

959 3421 1234 3496 corpore
1267 3400 1726 3498 migraturam,
1778 3394 2212 3476 fervidissimis
2242 3399 2412 3471 votis
2460 3395 2968 3473 commendabat
2990 3430 3013 3471 .·
3065 3400 3270 3474 modo
3298 3452 3323 3489 ,
3369 3402 3434 3473 &
3479 3399 3567 3471 ad
3605 3393 3737 3468 suos
3778 3390 3836 3462 Se

961 3502 1043 3572 ad
1080 3499 1198 3574 no's
1244 3496 1627 3587 conversus,‘
1688 3525 1809 3596 pro
1851 3498 2125 3592 acceptis
2173 3493 2502 3570 beneficiis
2547 3497 2796 3593 hacque
2845 3499 3074 3573 ultim·
3120 3522 3319 3595 opera
3348 3495 3667 3594 praestita,
3710 3511 3831 3584 gra-

961 3600 1082 3670 tias
1115 3594 1389 3694 agebat,
1443 3621 1518 3669 ac
1552 3599 1745 3672 nobis
1792 3595 2102 3671 omnibus
2132 3592 2587 3669 amantiffiinis
2641 3597 2858 3670 verbis
2902 3596 3071 3670 bene
3105 3594 3514 3693 precabatur.
3604 3592 3748 3665 Haec
3770 3586 3827 3655 ἅ

963 3695 1085 3768 alia
1125 3715 1279 3768 cum
1327 3718 1570 3789 magno
1612 3694 1782 3793 saepe
1816 3700 2051 3771 ardore
2075 3695 2361 3784 diceret,
2392 3695 2759 3770 monendus
2788 3714 2926 3771 erat
2950 3746 2976 3785 ,
3034 3714 3110 3769 ut
3146 3692 3268 3770 fibi
3291 3714 3615 3792 parceret,
3653 3710 3718 3760 ac
3742 3681 3824 3754 ni*

964 3796 1094 3865 mia
1127 3792 1548 3867 contentione
1583 3797 1726 3869 vim
1755 3796 1911 3869 mali
1950 3820 2033 3868 ne
2066 3813 2352 3888 augeret.

958 3943 997 4022 G
1016 3949 1079 3973 ‘³²‘
1155 3952 1331 4023 Cum
1354 3951 1837 4043 respirationem
1865 3947 2003 4036 ejus
2025 3946 2344 4039 paulatim
2365 3942 2799 4020 difficiliorem
2824 3940 2966 4020 fieri
2993 3947 3663 4043 deprehenderemus,
3687 3967 3839 4022 mor-

828 4073 841 4079 ·
960 4067 1094 4121 tem
1121 4047 1349 4121 instare
1390 4046 1731 4141 augurati,
1776 4044 2021 4137 pridie,
2062 4062 2416 4134 antequam
2449 4041 2640 4116 nobis
2675 4063 2932 4138 ereptus
2955 4045 3046 4121 est
3074 4097 3096 4134 ‚
3143 4048 3318 4122 eiad
3346 4050 3639 4123 mediam
3663 4043 3840 4139 usque

961 4148 1226 4222 nostem
1273 4145 1670 4229 adstitimus,
1713 4160 1828 4229 ut,
1880 4140 2199 4235 quidquid
2253 4141 2612 4225 accideret,
2667 4141 2909 4235 praesto
2967 4142 3255 4218 eflemus.
3363 4148 3454 4220 At
3521 4171 3677 4220 cum
3723 4163 3846 4215 non

961 4246 1221 4340 penitus
1268 4242 1613 4340 prostratas
1655 4240 1793 4331 ejus
1848 4240 2018 4312 vires
2070 4236 2566 4318 observaremus
2592 4289 2619 4330 ,
2668 4236 3062 4315 disceffimus
3113 4268 3191 4318 ea
3237 4240 3477 4327 noem
3527 4239 3844 4340 prostridie
3933 4319 3940 4326 ,

884 4431 901 4440 ‚
960 4367 1124 4418 vero
1168 4343 1510 4417 redeuntes
1532 4390 1555 4426 ‚
1607 4338 1995 4414 debiliorem
2033 4339 2302 4432 quidem
2345 4343 2716 4413 invenimus
2768 4390 2791 4425 ‚
2880 4338 2990 4414 sed
3061 4343 3326 4437 integris
3391 4345 3620 4422 adhuc.
3677 4333 3846 4418 senfi-

963 4439 1089 4517 bus
1105 4496 1128 4530 ‚
1175 4445 1239 4516 &
1286 4437 1600 4514 similibus
1645 4435 2051 4511 sermonibus
2100 4436 2164 4511 se
2206 4435 2412 4530 ipsum
2461 4438 2815 4533 erigentem
2827 4447 2864 4525 ',
2916 4440 3129 4535 adque
3193 4439 3466 4515 beatum
3528 4436 3847 4516 disoeffum

960 4557 1440 4637 praeparantem
1470 4569 1491 4610 .-
1552 4538 1763 4612 donec
1812 4533 1931 4610 sub
1980 4535 2317 4609 meridiem
2370 4537 2590 4612 denuo
2648 4539 2869 4609 vocati
2912 4536 3128 4632 ipsum
3169 4540 3241 4611 in
3265 4540 3503 4614 ultimo
3526 4563 3737 4636 agone
3757 4538 3845 4608 iu-

965 4643 1264 4718 venimus
1286 4686 1308 4724 ‚
1358 4640 1623 4716 intentis
1675 4635 1942 4730 quidem
1981 4635 2187 4714 oculis
2210 4658 2330 4712 nos
2356 4633 2767 4730 aspicientem
2786 4684 2812 4723 ,
2845 4632 2952 4712 sed
2976 4638 3232 4712 nullum
3273 4641 3550 4734 amplius
3574 4635 3848 4802 vei-buliu

3657 4760 3772 4830 pro
3793 4754 3856 4803 o-
