4188 5670
887 315 1057 391 274.
1790 282 2865 381 Pnn‚12‚2c·r10‚n2s.,n;
2961 364 2972 371 ,

879 476 944 552 se
983 472 1312 571 hucusque
1357 467 1840 547 conservaverit
1863 517 1887 555 ,
1936 466 2266 563 hucusque
2293 470 2589 554 rexerim·
2646 473 2761 565 qui
2814 467 3044 544 omnia·
3081 464 3255 540 fausta
3307 466 3418 540 sua
3441 513 3467 552 ‚
3517 466 3580 537 ἃ
3633 469 3819 560 quie-

877 574 1038 670 quid
1091 572 1218 648 sibi
1260 569 1607 667 contigerit
1630 617 1655 654 ‚
1713 565 2101 661 disposuerit
2133 570 2199 640 &
2236 564 2641 643 constituerit
2675 600 2702 655 ‚-
2740 573 2857 667 qui
2885 566 3270 662 plerumque
3306 567 3500 659 longe
3535 566 3766 637 melius
3788 613 3817 652 ,

883 691 1084 771 atque
1156 670 1285 768 ipse
1336 666 1503 757 fibi,
1555 664 1887 740 consulere
1950 669 2193 763 potuit.
3393 708 3400 725 ,

1077 812 1318 908 Neque
1372 838 1535 886 vero
1593 809 2101 885 existimandum
2137 861 2162 898 ,
2213 804 2333 887 effe
2389 809 2517 884 hoc
2559 812 2710 886 Deo
2764 764 3137 907 incssgnum,
3171 810 3424 885 siillum
3471 811 3561 885 ita
3601 806 3822 905 fingu-

886 912 985 986 los
1033 912 1470 985 homunculos
1518 936 1744 984 curare
1798 912 2073 983 dicimus
2104 960 2129 997 ‚
2185 910 2339 1005 quia
2381 904 2686 983 viliffima
2739 938 2839 984 res
2863 961 2886 997 ,
2948 915 3087 985 imo
3133 913 3287 985 nihil
3334 913 3540 992 homo
3591 906 3677 981 fit
3701 961 3726 996 ‚
3774 904 3819 979 fi

888 1035 1047 1084 cum
1092 1010 1245 1083 Deo
1289 1008 1683 1093 conferatur.
1770 1011 1950 1081 Nam
1997 1028 2171 1083 certe
2208 1058 2232 1096 ‚
2292 1011 2507 1100 primo
2538 1059 2564 1096 ,
2638 1029 2820 1083 totus
2877 1013 3161 1083 mundus
3211 1009 3370 1087 nihil
3421 1033 3690 1103 quoque
3737 1005 3823 1078 est

889 1133 1044 1183 cum
1090 1109 1248 1182 Deo
1289 1109 1565 1183 collatus
1601 1138 1622 1189 3
1663 1127 1857 1201 atque
1917 1126 2262 1202 propterea
2294 1156 2316 1192 ‚
2364 1104 2416 1177 fi
2462 1108 2690 1180 Deum
2777 1111 3103 1182 mundum
3175 1131 3416 1207 curaret
3462 1105 3822 1181 absurdum

885 1233 1030 1283 non
1087 1207 1232 1289 est;
1279 1232 1421 1281 non
1469 1207 1560 1280 est
1609 1204 1965 1278 absurdum
1993 1258 2015 1293 ‚
2070 1208 2296 1278 Deum
2343 1203 2707 1299 quemlibet
2733 1208 3073 1281 hominem
3116 1233 3387 1293 curare,
3444 1202 3637 1280 autsi
3672 1206 3820 1297 quid

894 1307 1025 1393 est,
1062 1307 1342 1401 *homine
1389 1309 1582 1400 longe
1619 1305 1830 1376 vilius,
1919 1304 2163 1399 Neque
2210 1301 2550 1396 indignum
2590 1306 2740 1377 Deo
2789 1307 2882 1379 est
2908 1359 2930 1393 ,
2993 1308 3334 1379 hominem
3383 1331 3600 1377 creare
3629 1355 3654 1393 ‚
3724 1304 3821 1376 cui

890 1407 1180 1478 animam
1232 1404 1696 1498 intelligentem
1738 1406 1801 1474 ἃ
1845 1403 2193 1478 volentem
2245 1405 2628 1497 rationeque
2678 1406 3032 1497 praeditam
3074 1405 3309 1478 indidit
3344 1435 3372 1489 ‚-
3429 1428 3632 1497 quem
3663 1427 3822 1477 crea-

892 1508 995 1577 vit
1040 1503 1121 1575 ad
1171 1503 1524 1596 imaginem
1581 1499 1764 1572 suam
1795 1551 1817 1586 ‚
1868 1523 1946 1573 ut
1995 1527 2133 1574 non
2190 1518 2452 1574 tantum
2530 1503 2831 1597 Scripura
2895 1505 2956 1577 S.
3027 1503 3293 1578 testatur
3320 1554 3345 1591 ‚
3415 1503 3522 1574 sed
3572 1501 3821 1575 Ethnici

943 1626 1161 1695 uoque
1209 1601 1434 1672 Poetae
1494 1599 1923 1690 crediderunt·
2037 1601 2280 1693 Neque
2336 1625 2418 1672 eo
2460 1601 2804 1695 indignum
2853 1601 2944 1675 est
2976 1655 3000 1691 ‚
3094 1604 3371 1675 minima
3438 1626 3722 1695 quaeque
3763 1602 3820 1671 &

894 1630 1241 1793 singularia
1276 1722 1500 1771 curare
1549 1726 1602 1781 3⁴
1655 1701 1792 1791 Qi
1835 1696 2171 1773 infinitum
2220 1697 2420 1772 habet
2464 1699 2870 1773 intellectum
2900 1752 2924 1789 ‚
2982 1702 3360 1797 sapientiam
3424 1696 3746 1772 infinitam
3792 1749 3816 1787 ‚

896 1821 1016 1890 qur
1065 1798 1493 1968 ital-laguine?
1537 1800 1603 1870 &
1638 1794 1890 1895 lingula
1936 1820 2122 1873 curat
2148 1821 2174 1887 3
2201 1814 2208 1821 ‘
2232 1804 2311 1872 u‘t
2358 1802 2703 1893 propterea
2762 1803 3212 1875 maximorum
3256 1803 3321 1873 &
3370 1796 3661 1876 univer-fi
3721 1821 3816 1869 cu·

897 1920 997 1969 rae
1050 1922 1118 1969 m
1165 1924 1184 1968 ι
1310 1921 1418 1968 ece
1465 1915 1551 1969 at.

1098 2062 1289 2136 Novi
1327 2069 1657 2154 Epicurum
1696 2060 2037 2154 agnoscere
2086 2064 2353 2155 quidem
2377 2115 2401 2152 ‚
2432 2064 2659 2136 Deum
2707 2058 2828 2136 effe
2852 2113 2876 2150 ‚
2922 2061 3029 2134 sed
3064 2057 3260 2133 rebus
3287 2052 3591 2133 humanis
3618 2057 3680 2132 se
3700 2082 3817 2130 non

902 2160 1261 2249 immiscere
1286 2211 1311 2249 ‚
1359 2158 1420 2232 se
1468 2158 1603 2254 ipso
1655 2156 2018 2237 beatum&
2044 2162 2484 2245 contentum,-
2524 2162 2855 2236 aeterntun
2906 2185 3135 2235 aevum
3171 2161 3408 2231 ducere
3435 2208 3458 2245 ,
3514 2159 3816 2254 semotum

903 2266 947 2347 ἐι
985 2264 1157 2337 curis
1207 2259 1609 2332 mortalium.
1715 2258 1895 2333 Tum
1950 2260 2104 2353 quia
2165 2261 2509 2355 indignum
2559 2262 2820 2333 videtur
2886 2262 3023 2351 ejus
3085 2257 3421 2351 majestate
3459 2308 3482 2344 ,
3546 2259 3632 2330 ad
3696 2280 3813 2331 tarn

906 2363 1063 2434 vilia
1116 2363 1179 2431 &
1219 2359 1472 2429 minuta
1528 2352 1967 2436 descendere;
2016 2377 2166 2428 tum
2205 2361 2360 2452 quia
2408 2359 2683 2431 Numen
2725 2384 2814 2455 ex‘
2846 2358 3050 2452 seipso
3113 2356 3393 2428 beatum
3447 2357 3599 2427 nihil
3655 2374 3813 2429 extra

903 2459 974 2533 se
1020 2459 1261 2553 quaerit
1304 2483 1332 2538 ‚-
1386 2477 1535 2527 tum
1585 2456 1742 2545 quia
1788 2481 1902 2549 per
1955 2481 2054 2540 res
2102 2456 2419 2530 humanas
2468 2507 2492 2544 ‚
2545 2476 2878 2562 utcunque
2930 2454 2994 2529 se
3044 2453 3334 2531 habeant
3382 2506 3406 2542 ‚
3485 2457 3660 2540 nulla
3705 2479 3810 2549 po·

909 2556 1034 2647 test
1090 2557 1148 2631 ei
1195 2551 1339 2640 fieri
1390 2546 1659 2657 aeceffio
1717 2555 1782 2625 &
1815 2550 2112 2628 deceffio.
3861 2562 3868 2567 '

1109 2707 1236 2785 Sed
1268 2707 1409 2800 quis
1440 2707 1657 2801 primo
1706 2735 1844 2782 non
1875 2708 2058 2783 videt
2082 2763 2106 2799 ,
2134 2716 2226 2785 ita
2259 2711 2637 2785 ratiocinari
2679 2707 3007 2803 Epiburum
3053 2761 3076 2797 ‚
3127 2714 3284 2806 quia
3335 2710 3628 2783 divinam
3655 2726 3814 2776 men·

889 2783 1055 2881 'tem
1108 2807 1410 2904 angustiis
1459 2810 1695 2883 mentis
1752 2809 1889 2886 suae
1937 2811 2357 2885 metiebatur.
2454 2811 2542 2884 Et
2576 2806 2772 2897 sane,
2839 2806 2892 2882 fi
2935 2830 3123 2883 mens
3174 2812 3397 2883 divina
3445 2806 3620 2880 foret
3676 2802 3819 2876 limi-

914 2925 1055 2982 tata
1080 2957 1104 2993 ‚
1154 2931 1367 2998 neque
1415 2909 1556 2979 vim
1598 2909 1995 3004 intelligendi
2042 2909 2371 2983 infinitam
2427 2906 2699 2991 haberet
2724 2958 2747 2995 ,
2799 2910 2967 2981 ratio
2993 2908 3126 2980 --illa
3176 2906 3326 2981 effet
3371 2906 3562 2980 valde
3610 2901 3823 3004 proba·

858 3103 865 3108 Β
914 3001 1090 3076 bilis.
1172 3003 1368 3075 Tunc
1430 3007 1609 3073 enirn
1660 3008 1855 3099 longe
1904 3007 2141 3078 melius
2204 3006 2354 3080 effet
2401 3005 2606 3099 ipsam
2653 3003 2847 3077 rebus
2905 3008 3205 3080 humanis
3255 3032 3399 3080 non
3455 3005 3824 3081 attenderes

916 3121 1070 3175 tum
1108 3101 1261 3193 quia
1307 3098 1599 3173 molestia
1649 3122 1791 3175 tam
1826 3103 2219 3197 multiplici,
2261 3108 2421 3198 trtsti
2449 3107 2772 3195 ministerio
2799 3153 2823 3191 ,
2880 3127 2963 3178 2ut
3009 3107 3232 3179 Plinius
3281 3108 3574 3199 loquitur
3639 3156 3664 3192 ‚
3726 3122 3828 3171 non

910 3198 1091 3316 pfft
1137 3224 1402 3278 ναυαγεῖ
1456 3219 1605 3282 tum
1650 3202 1804 3295 quia
1842 3201 1881 3272 a
1934 3201 2315 3276 melioribus
2391 3206 2456 3275 &
2537 3201 3039 3295 jucundioribus
3086 3223 3491 3294 avocaretur.
3585 3201 3710 3276 Sed
3744 3198 3830 3269 ni·
3915 3197 3922 3202 ’

886 3325 1046 3376 (mis
1099 3299 1275 3371 rudis
1322 3298 1602 3393 Deoque
1649 3301 1952 3397 indignus
2005 3304 2110 3376 hic
2166 3301 2248 3375 de
2319 3302 2470 3375 Deo
2546 3300 2639 3373 est
2694 3322 3094 3397 conceptus.·
3194 3305 3432 3397 Neque
3480 3302 3655 3374 enim
3683 3350 3706 3385 ,
3756 3313 3828 3367 ut

921 3399 1130 3473 modo
1179 3398 1462 3470 diximus
1489 3449 1511 3485 ,
1558 3396 1815 3473 infinita
1846 3421 2083 3475 mente
2118 3452 2144 3489 ‚
2198 3402 2644 3497 multiplicitas
2699 3425 2920 3473 rerum
2973 3403 3248 3495 impedit
3291 3401 3720 3478 attentionem
3755 3393 3832 3466 ad

921 3494 1173 3590 lingula
1214 3524 1236 3576 3
1284 3495 1391 3568 sed
1434 3500 1652 3591 potius
1702 3525 1884 3573 mens
1925 3497 2180 3575 infinita
2219 3522 2358 3573 tam
2414 3497 2695 3595 perfee'te
2734 3496 3097 3573 considerat
3147 3497 3400 3596 lingula
3442 3553 3465 3590 ,
3511 3525 3592 3572 ac
3646 3494 3699 3579 sl
3735 3493 3831 3567 illa

858 3605 869 3616 ‘'
917 3591 1059 3678 ⁵sola
1106 3592 1438 3688 proposita
1484 3596 1774 3671 haberet.
1859 3600 2020 3687 Qo
2077 3600 2345 3694 quidem
2406 3600 2736 3696 pertinent
2789 3597 2994 3674 verba
3039 3602 3344 3698 Syracidu
3403 3630 3420 3673 ε
3498 3600 3677 3673 Oculi
3717 3601 3829 3668 Do-

920 3698 1080 3766 mini
1116 3693 1303 3765 decies
1343 3695 1549 3765 millies
1567 3691 1696 3783 sole
1739 3697 2056 3768 lucidiores
2089 3747 2114 3783 ,
2176 3698 2541 3790 inspicientes
2596 3721 2793 3769 omnes
2855 3704 2998 3768 vias
3040 3699 3350 3778 hominum
3372 3753 3395 3787 ‚
3458 3696 3548 3785 ἓξ
3600 3691 3835 3785 confide·

917 3807 1134 3878 ⁵rantes
1187 3795 1253 3860 in
1294 3790 1647 3880 absconditis
1690 3792 1956 3883 partibas
1978 3844 2002 3878 ‚
2062 3796 2104 3864 i.
2135 3820 2191 3866 e.
2249 3796 2475 3867 omnia
2502 3844 2524 3879 ‚
2577 3819 2730 3887 quae
2768 3796 2839 3867 in
2886 3794 3294 3889 penitiffimis
3342 3798 3550 3872 eordis
3583 3785 3834 3868 ereecffi·

933 3885 1063 3960 bus
1122 3888 1343 3958 latent.
1414 3889 1641 3980 Itaque
1682 3890 1834 3961 <haec
1886 3886 2314 3963 consideratio
2364 3892 2799 3965 minimorum
2843 3918 2984 3966 non
3032 3894 3122 3969 est
3151 3899 3417 3991 indigna
3460 3896 3681 3969 divina
3714 3913 3836 3963 ma-

916 3983 1207 4082 jestate5
1262 3982 1368 4054 sed
1410 3990 1698 4068 maxime
1745 3988 1941 4079 digna
1970 4037 1994 4071 ‚
2047 3991 2186 4061 imo
2237 3987 2618 4077 net-effarier,
2665 3994 2818 4086 quia
2883 3995 3129 4087 alioqui
3177 3985 3245 4069 in
3290 3998 3443 4068 Deo
3493 3992 3647 4068 effet
3680 3986 3832 4062 mul·

930 4102 1158 4158 tarum
1200 4104 1413 4151 rerum
1456 4081 1843 4173 ignorantia.
1927 4084 2016 4157 Et
2073 4089 2374 4179 quamvis
2426 4110 2525 4159 res
2592 4091 2656 4159 &
2736 4093 3019 4167 actiones
3073 4095 3384 4173 humanae
3436 4079 3593 4168 viles
3653 4086 3772 4161 sint
3812 4132 3835 4171 ,

878 4253 883 4260 ,
916 4206 1077 4264 „non
1129 4198 1350 4252 tamen
1395 4179 1542 4252 vilis
1578 4180 1669 4251 est
1722 4205 1948 4256 earum
1993 4186 2414 4282 intelligentia
2443 4239 2469 4273 ,
2529 4192 2594 4262 ὃς
2661 4191 3094 4282 dijudioeti03
3139 4221 3273 4270 non
3317 4195 3460 4269 vnis
3505 4192 3635 4265 Dei
3678 4182 3840 4282 justi-

875 4493 889 4528 l

914 4285 1035 4474 ἔα
1067 4329 1091 4366 ,
1126 4275 1407 4447 sbonitas
1428 4327 1454 4365 ,
1500 4277 1930 4360 misericordia
1952 4334 1976 4371 ‚
2040 4286 2498 4382 longanimitas
2524 4339 2552 4376 ,
2606 4313 2760 4383 quae
2807 4289 2880 4361 in
2922 4292 3356 4373 minimorum
3403 4315 3670 4390 quoque
3701 4306 3843 4360 cum

1004 4403 1123 4453 uce
1152 4399 1258 4448 cit.

1141 4529 1292 4607 Nec
1344 4528 1593 4622 obstat,
1630 4537 1811 4629 quod
1844 4538 2044 4614 ‚Deus
2092 4544 2159 4611 in
2215 4536 2416 4635 seipso
2448 4540 2808 4634 plenissime
2858 4545 2936 4622 fit
2974 4550 3240 4626 beatus:
3329 4551 3484 4624 Hoc
3531 4544 3707 4617 enim
3753 4532 3848 4606 so-

918 4636 1089 4724 {um
1129 4629 1418 4733 probat,
1462 4636 1683 4710 Deum
1733 4657 1918 4716 extra
1961 4637 2023 4711 se
2084 4638 2242 4709 nihil
2302 4664 2488 4736 agere
2548 4644 2614 4724 δι
2662 4669 2886 4725 curare
2930 4654 2999 4732 in
3059 4675 3218 4728 eum
3267 4641 3518 4756 finem,
3575 4663 3654 4726 ut
3703 4633 3846 4710 inde

3605 4735 3850 4811 beatior
