4188 5670
947 368 1094 452 256
1805 361 2673 438 Panare-nonas
2807 380 2964 438 na

1147 539 1234 613 Et
1284 541 1602 636 quidem,
1658 567 1795 639 quo
1848 543 2068 638 plures
2122 539 2272 616 sunt
2309 540 2631 634 ejufinodi
2670 557 2892 641 partes
2910 595 2935 632 ,
2996 557 3173 616 certa
3234 541 3519 636 quadam
3573 537 3897 635 ratione}

906 666 911 671 ·
953 640 1119 711 inter
1165 638 1225 712 se
1272 638 1651 736 dispositae3
1694 661 1811 715 aut
1851 667 1986 736 quo
2024 641 2211 736 plura
2257 640 2407 713 sunt
2446 642 2621 714 entia
2648 693 2672 731 ‚
2729 645 2801 716 in
2831 641 3075 736 quibus
3116 640 3344 714 eadem
3391 641 3892 719 norma'obser-

948 761 1106 810 vata
1157 738 1247 809 est
1285 740 1353 811 in
1391 736 1858 835 dispositione3
1907 744 1992 813 eo
2042 744 2348 813 certiores
2388 739 2577 826 sunt,
2644 741 2707 815 se
2759 766 2898 814 non
2941 765 3153 815 errare
3176 790 3203 827 ‚
3245 766 3402 812 cum
3448 740 3681 814 exinde
3726 768 3892 816 con-

883 930 887 935 ·
946 836 1275 909 cluserunt
1298 889 1323 925 ,
1376 831 1661 911 caussam
1705 842 1988 934 aliquam
2026 840 2495 934 intelligentem
2538 837 2717 916 fuiffe
2748 890 2772 927 ,
2831 867 2985 935 quae
3039 842 3184 912 haec
3237 840 3307 911 in
3351 841 3528 912 hunc
3579 841 3888 916 ordinem

875 943 883 950 '
946 934 1301 1028 redegerit:
1382 939 1484 1011 Ita
1532 962 1913 1032 quanquam
1941 990 1964 1026 ‚
2022 963 2179 1011 cum
2225 942 2565 1032 tugurium
2628 938 2947 1034 aspiciunt
2987 939 3285 1012 homiues
3347 988 3371 1024 ‚
3453 941 3519 1010 ἃ
3572 939 3699 1011 hoc
3764 943 3889 1013 Ar-

947 1034 1303 1106 chitec‘tum
1373 1039 1659 1130 aliquem
1706 1034 1990 1110 habuiffe
2053 1038 2346 1130 judicant
2394 1063 2418 1117 3
2478 1037 2672 1134 longe
2713 1056 2937 1112 tamen
3010 1038 3245 1110 certius
3290 1036 3382 1109 ita
3432 1037 3724 1130 judicant
3750 1089 3777 1126 ‚
3829 1037 3882 1111 si

918 1155 1270 1231 ⁴magnum
1321 1136 1588 1229 aliquod
1628 1136 1950 1209 Palatium
1988 1133 2438 1229 conspiciunt,
2488 1135 2784 1231 pluribus
2835 1133 3258 1210 conclavibus
3300 1134 3598 1208 constans
3653 1180 3698 1224 ‚·
3737 1139 3883 1231 pul-

947 1231 1264 1303 cherrima
1314 1237 1598 1325 partium
1651 1235 2049 1327 Symmetria
2101 1232 2555 1318 exstructums
2603 1238 2837 1311 certius
2884 1237 3011 1309 hoc
3050 1233 3189 1332 ipso
3211 1284 3237 1324 ,
3284 1229 3337 1307 fi
3382 1233 3611 1309 vident
3638 1234 3876 1312 urbem

891 1397 895 1401 ,
947 1326 1182 1405 talibus
1220 1330 1510 1407 aedificiis
1555 1333 1835 1429 plenam.

1143 1471 1298 1564 Jam
1338 1499 1499 1548 vero
1529 1525 1553 1562 ,
1606 1472 1657 1549 fi
1699 1477 1898 1550 talem
1976 1528 2000 1565 ,
2056 1478 2196 1551 imo
2261 1478 2456 1569 longe
2517 1479 2957 1574 pulchriorem
3024 1472 3322 1549 ordinem
3376 1478 3449 1549 in
3501 1476 3760 1550 mundo
3814 1482 3878 1554 δε

946 1566 1085 1660 ejus
1136 1570 1433 1664 partibus
1477 1570 1902 1648 observamus
1948 1627 1974 1666 ,
2030 1571 2272 1650 necesse
2324 1575 2415 1649 est
2457 1628 2482 1664 ,
2572 1597 2649 1653 ut
2691 1579 2795 1650 hic
2845 1599 3112 1672 quoque
3162 1573 3585 1669 agnoscamus
3620 1627 3645 1662 ,
3695 1575 3873 1652 fuifle

944 1668 1229 1762 aliquem
1282 1673 1429 1745 haec
1478 1674 1890 1749 ordinantem
1913 1725 1937 1762 ,
1991 1678 2058 1749 δε
2101 1675 2370 1770 quidem
2406 1675 2686 1750 cauffam‘
2714 1675 3184 1769 intelligentem
3218 1724 3242 1762 ‚
3288 1698 3443 1767 quae
3489 1693 3740 1748 certam
3775 1704 3873 1749 or-

947 1763 1114 1838 dinis
1151 1794 1459 1844 normam
1504 1792 1622 1845 aut
1664 1798 1929 1848 normas
1977 1771 2105 1848 fibi
2156 1800 2524 1871 proponere
2547 1827 2571 1863 ,
2613 1781 2679 1851 &
2718 1776 2910 1868 juxta
2959 1774 3071 1845 has
3097 1823 3120 1860 ,
3174 1793 3387 1868 partes
3431 1775 3868 1848 innumerabi-

944 1861 1035 1935 les
1082 1866 1599 1944 artificiosissime
1639 1870 1976 1968 disponere
2017 1875 2328 1966 potuerit.
2413 1877 2517 1949 Ex
2555 1902 2690 1972 quo
2730 1872 3126 1964 consequens
3152 1870 3248 1944 est
3277 1923 3303 1960 ,
3343 1871 3670 1945 mundum
3700 1874 3866 1947 hunc

957 1967 1359 2042 materialem
1406 1971 1828 2064 intelligentia
1865 1999 1982 2068 per
2030 1973 2096 2047 se
2150 1991 2518 2062 carentem,
2551 2001 2688 2050 non
2737 1971 2858 2045 fibi
2908 1966 3027 2064 ipfi
3091 1972 3256 2044 hanc
3279 2022 3304 2059 ‚
3362 1996 3494 2066 qua
3533 1990 3677 2043 tam
3740 1976 3863 2046 exi-

956 2064 1088 2135 mie
1136 2067 1421 2161 gaudet,
1476 2073 1761 2144 formam
1799 2068 2082 2153 dedifle3
2151 2071 2260 2144 sed
2291 2069 2410 2146 effe
2456 2093 2697 2169 praeter
2743 2073 2929 2145 illum
2966 2070 3100 2143 Ens
3146 2070 3413 2166 aliquod
3467 2067 3722 2145 summe
3777 2071 3863 2145 sa-

953 2162 1135 2255 piens
1156 2216 1181 2252 ,
1226 2170 1270 2239 a
1315 2192 1454 2261 quo
1503 2170 1681 2241 rudis
1727 2168 1846 2244 ista
1886 2167 2082 2244 maffa
2127 2168 2411 2244 formam
2443 2171 2625 2247 suam
2673 2172 3011 2267 acceperit·

794 2314 801 2321 '
1133 2306 1220 2379 Et
1266 2307 1393 2379 hoc
1438 2306 1529 2382 est
1574 2308 1739 2381 illud
1780 2328 2245 2405 argumentum
2268 2362 2291 2399 ,
2337 2337 2472 2405 quo
2522 2313 2852 2408 Scriptura
2909 2314 2973 2387 S.
3023 2311 3066 2384 i.
3119 2333 3174 2381 e.
3222 2306 3408 2380 Deus
3447 2305 3581 2403 ipse
3623 2307 3707 2383 ad
3756 2335 3858 2385 ex·

544 2360 747 2514 ξέῗέξπ·
888 2500 897 2509 Ι
929 2397 1227 2476 stentiam
1273 2400 1455 2477 suam
1517 2403 1933 2501 probandam
1982 2411 2191 2480 utitur
2221 2460 2247 2497 ,
2293 2434 2446 2481 cum
2489 2412 2581 2484 ait
2621 2413 2874 2509 :lCaelos
2896 2434 3179 2483 enarrare
3198 2406 3465 2503 gloriam
3505 2412 3633 2480 Dei
3647 2438 3674 2493 ‚-
3713 2435 3854 2484 cum

540 2528 673 2603 Job.
719 2476 880 2603 ΞΕ
933 2523 1053 2571 nos
1102 2504 1182 2575 ad
1231 2504 1419 2577 bruta
1459 2512 1797 2587 animantia
1825 2557 1850 2593 ‚
1903 2527 2105 2602 atque
2143 2509 2371 2580 omnia
2413 2529 2593 2602 opera.
2637 2516 2764 2583 Dei
2811 2512 3090 2583 remittit
3116 2558 3139 2594 ‚
3193 2528 3349 2580 cum
3406 2506 3616 2579 dicit:
3659 2515 3850 2582 Deum

540 2629 595 2671 v.
654 2659 700 2685 ,.
926 2624 1043 2672 non
1068 2600 1280 2700 sivrffi·
1325 2611 1392 2676 in
1423 2604 1528 2679 hoc
1575 2606 1801 2680 mundo
1829 2606 1903 2697 fi·
1956 2601 2289 2703 ἄμεέρτυξον
2320 2636 2347 2691 ,-
2389 2633 2543 2679 eum
2594 2610 2704 2681 vel
2730 2608 3021 2702 palpando
3048 2612 3315 2681 inveniri
3331 2603 3532 2701 pcffij
3563 2622 3707 2680 eum
3735 2634 3848 2680 non

540 2695 662 2757 Ast·
688 2696 843 2761 XIV·
912 2696 1087 2797 ‘longe
1110 2703 1267 2793 abfit
1296 2704 1379 2778 ab
1427 2730 1787 2807 unoquoque
1829 2707 2092 2799 mssrmn
2116 2753 2140 2790 ,
2184 2711 2253 2776 in
2288 2705 2406 2800 ipfi)
2439 2706 2624 2798 fimus
2652 2760 2675 2794 ,
2730 2716 3024 2781 vivamus
3090 2703 3180 2791 ἓξ
3223 2730 3581 2778 moveamur
3599 2735 3626 2791 ‚-
3678 2704 3842 2802 ipsun

538 2793 723 2921 {61²
754 2782 811 2841 &
924 2800 1257 2892 invifibilia
1290 2858 1315 2893 ,
1362 2825 1649 2880 aternam
1702 2826 1907 2900 nempe
1958 2806 2078 2894 ejus
2131 2814 2459 2898 potentiam
2522 2803 2614 2894 ἓξ
2676 2802 3075 2882 divinitatem
3124 2831 3201 2877 ex
3257 2810 3332 2875 iis
3367 2854 3393 2891 ,
3448 2831 3587 2906 qua
3638 2807 3793 2903 fecit
3813 2856 3841 2893 ,

537 2950 638 3011 28·
679 2859 722 2924 Ι·
768 2879 864 2939 ²⁷⁶
908 2902 1337 3086 {rfitlnaflvergb
1368 2905 1680 3072 perui-egri
1704 2905 2149 3074 3131t31¹12ebalia
2175 2907 2408 2995 multa,
2456 2931 2612 2999 quae
2649 2907 2803 2981 hinc
2845 2907 3000 2983 inde
3025 2957 3053 2998 ,
3088 2900 3452 3002 praesertim
3484 2905 3557 2977 in
3598 2907 3751 3001 Jobo
3780 2907 3843 2980 δε

532 3018 702 3085 Rom.
745 3020 798 3084 Ι.
986 3025 1022 3066 α
1048 3022 1159 3069 nus
1186 3048 1212 3088 ,
1306 3029 1342 3074 e
1384 3028 1565 3096 operi
1618 3027 1693 3074 us
1809 3025 1869 3074 er
1958 3028 1996 3074 a
2047 3022 2261 3076 entur.
3509 3041 3520 3050 «

530 3120 585 3165 γ’
625 3122 716 3166 ¹⁰⁶
1112 3147 1269 3220 Hoc
1319 3165 1790 3242 argumentum
1847 3146 2066 3240 captui
2125 3145 2428 3217 omnium
2482 3148 2831 3221 hominum
2899 3149 2994 3223 est
3058 3144 3838 3224 accommodatiffimum.

910 3245 976 3318 Si
1019 3248 1195 3319 enim
1247 3244 1524 3341 quilibet
1553 3297 1577 3335 ‚
1626 3243 1771 3319 viso
1810 3244 2158 3340 horologio
2183 3294 2207 3331 ‚
2241 3243 2490 3338 judicat
2525 3243 2706 3320 fuiffe
2754 3251 3033 3343 aliquem
3086 3250 3226 3344 ejus
3275 3243 3588 3342 opificem
3609 3269 3638 3332 3
3687 3245 3845 3343 quid

904 3344 1177 3439 impedit
1204 3396 1230 3433 ,
1270 3371 1406 3440 quo
1462 3345 1679 3419 minus
1722 3394 1749 3434 ‚
1794 3369 1950 3418 cum
1981 3344 2208 3417 oculos
2263 3346 2602 3439 aperiens,
2657 3350 2985 3421 mundum
3031 3349 3097 3420 ἃ
3141 3350 3518 3433 innumera,
3564 3371 3717 3440 quae
3767 3346 3841 3430 in

900 3447 969 3514 in
1017 3446 1276 3520 mundo
1331 3445 1482 3519 sunt
1526 3446 1720 3542 longe
1768 3449 1971 3541 magis
2005 3440 2372 3518 admirabili
2414 3465 2554 3520 arte
2589 3466 3070 3543 coagmentata,
3101 3445 3347 3539 aspicit,
3389 3444 3625 3517 eodem
3655 3470 3839 3540 pror-

900 3539 1003 3610 sus
1046 3543 1251 3617 modo
1313 3547 1759 3620 ratiocinetur.
1860 3546 2016 3619 Hoc
2065 3565 2530 3639 argumentum
2564 3546 2601 3616 a
2630 3547 2781 3619 Deo
2836 3572 2975 3620 non
3029 3565 3293 3621 tantum
3347 3545 3423 3617 iis
3477 3540 3835 3641 suppedita-

899 3657 1119 3727 tatur‚
1177 3643 1289 3734 qui
1331 3647 1735 3738 scripturam
1782 3643 1843 3716 S.
1889 3645 2116 3739 legunt
2137 3673 2168 3727 5
2195 3642 2326 3714 ‘sed
2371 3646 2621 3716 caeteris
2661 3643 2971 3718 omnibus
2999 3675 3026 3730 ‚-
3075 3647 3143 3717 in
3189 3646 3368 3717 hunc
3410 3645 3592 3717 enim
3634 3640 3832 3716 finem

896 3739 1224 3811 mundum
1293 3744 1541 3816 creavit
1601 3791 1625 3829 ‚
1686 3743 1753 3813 δι
1821 3743 2129 3815 animalia
2181 3742 2434 3814 ratione
2484 3744 2762 3836 praedita
2811 3746 2881 3816 in
2925 3746 3036 3819 illo
3069 3740 3465 3829 co¹locavit‚
3515 3762 3595 3817 ut
3641 3767 3839 3837 opera

895 3833 1012 3907 sua
1054 3834 1408 3932 aspicerent
1437 3889 1463 3928 ‚
1528 3859 1733 3933 atque
1781 3862 1865 3910 ex
1905 3842 1981 3911 iis
2047 3840 2430 3914 Creatorem
2486 3842 2551 3913 &
2592 3841 2947 3916 Rectorem
2992 3844 3192 3939 hujus
3238 3840 3473 3916 mundi
3534 3840 3838 3939 agnosce-

890 3953 1058 4008 rent.

1082 4077 1238 4150 Hoc
1285 4099 1448 4148 vero
1494 4095 1959 4173 argumentum
1982 4126 2007 4163 ,
2060 4093 2139 4150 ut
2183 4081 2389 4173 magis
2435 4080 2779 4161 reddamus
2820 4080 3115 4163 senfibile
3145 4087 3211 4160 &
3253 4079 3583 4180 palpabile
3609 4133 3637 4174 ,
3676 4104 3834 4163 ocu-

893 4173 989 4258 los
1036 4175 1519 4292 aliquantulum
1584 4178 1655 4251 in
1701 4176 1961 4252 mundo
2014 4174 2576 4259 circumferamus.
3429 4175 3441 4185 '

3416 4706 3830 4791 CAPUT
