4188 5670
895 202 1046 367 νὴ.
1605 268 1610 273 ’
1881 260 2058 340 Da
2176 250 2845 341 Tauroni
3260 296 3269 303 -

878 429 1309 622 «3ξὲἀὲξὲ
1337 466 1557 617 ἓξξ
1599 439 1913 640 ξῑξξ
1943 424 3071 639 ’1232’002235‘01213332
3182 436 3819 614 „mam

969 628 980 637 .
1585 595 1608 632 ²
3101 595 3127 632 2

888 641 1135 720 solviffe
1158 695 1184 732 ‚
1245 650 1422 715 11th
1457 643 1812 717 dimidium
1837 695 1861 730 ,
1924 670 2103 718 nunc
2157 570 2421 718 terpiiam
2458 661 2713 737 partem
2766 641 3101 734 reliquam·
3136 637 3277 713 effe.
3341 640 3547 735 Finge
3587 640 3766 713 enim
3790 688 3823 730 ‚

890 743 1219 836 horologii
1264 741 1546 814 indicem
1571 793 1595 827 ,
1638 738 2058 836 rapidiffimae
2091 762 2262 816 rotae
2305 739 2584 819 adinstar
2608 786 2630 819 ‚
2677 737 3075 813 circumferri
3105 765 3126 812 t
3168 762 3509 833 nunquam
3550 736 3823 814 definire

895 842 1140 938 poteris
1167 890 1192 930 ,
1241 865 1396 935 quae
1426 840 1554 913 diei
1596 840 1762 914 hora
1800 837 1884 914 fit
1902 892 1928 930 ‚
1957 843 2171 916 immo
2218 865 2303 915 ne
2348 839 2617 936 quidem
2649 888 2674 927 ‚
2725 858 2893 933 quot
2924 838 3369 915 revolutione·
3421 836 3621 911 index
3668 862 3825 911 con·-

900 939 1146 1015 fecerit.

909 1018 956 1075 ·’
1065 1036 1349 1125 ;ΧῙΧ.
1411 1037 1653 1129 Neque
1699 1055 1920 1112 motus
1956 1038 2173 1110 lentus
2218 1037 2413 1110 nimis
2457 1031 2577 1109 effi.
2611 1031 2815 1107 debet
2848 1062 2879 1117 5
2939 1034 3237 1130 quamvis
3298 1034 3501 1106 enim'
3534 1034 3711 1109 linea
3757 1039 3825 1108 in

903 1132 1243 1211 infinitum
1266 1131 1598 1206 divisibilis
1632 1131 1713 1209 fit
1739 1187 1763 1222 ,
1802 1137 1871 1207 in
1891 1156 2107 1229 partes
2128 1159 2353 1209 tamen
2374 1131 2658 1206 infinitas
2681 1129 3003 1205 senfibiles
3031 1133 3234 1207 dividi
3260 1134 3504 1226 nequit.
3648 1135 3825 1208 Hinc

907 1235 1196 1328 corporis
1227 1226 1426 1307 etiam
1471 1235 1541 1304 in
1578 1232 1687 1305 illa
1725 1235 1894 1307 linea
1925 1253 2151 1306 motus
2197 1234 2314 1307 diu
2349 1228 2726 1306 insensibilis
2770 1227 2942 1303 foret
2967 1260 2994 1314 ‚-
3039 1229 3177 1304 five
3219 1228 3525 1305 tranfitus
3561 1231 3650 1305 ab
3697 1235 3826 1305 una

905 1351 1091 1427 parte
1140 1327 1414 1404 sensibili
1460 1329 1545 1403 ad
1581 1331 1776 1404 aliam
1821 1350 2080 1405 tantam
2122 1333 2477 1428 requireret
2524 1352 2787 1402 moram
2813 1380 2841 1416 ‚
2882 1349 2959 1402 ut
3006 1327 3411 1402 infinitarum
3448 1356 3657 1425 prope
3710 1332 3827 1405 du-
3888 1330 3893 1335 ’

906 1431 1240 1511 rationum
1264 1478 1294 1515 ,
1328 1452 1490 1522 quas
1524 1454 1703 1502 nunc
1746 1431 2058 1503 metimur
2099 1432 2332 1523 «ixpaoer
2357 1477 2378 1507 ,
2431 1427 2682 1500 nullam
2717 1425 3089 1500 mensuram
3141 1424 3551 1500 haberemus.

1100 1528 1175 1601 X
1201 1528 1297 1600 X.
1365 1527 1640 1600 Motum
1673 1522 1881 1622 poer
1936 1528 2327 1622 requirimus
2376 1545 2768 1620 perpensum
2785 1574 2811 1613 ,
2856 1526 2967 1619 qui
3010 1550 3129 1598 nec
3189 1526 3582 1618 impediatur
3616 1526 3830 1616 facil&

908 1644 1125 1719 neque
1166 1624 1468 1720 impediri
1515 1621 1762 1720 possit3
1810 1626 1995 1720 quod
2029 1623 2084 1698 fi,
2124 1628 2307 1698 enim
2356 1621 2547 1697 ceffet
2597 1641 2819 1696 motus
2858 1624 3283 1716 aliquandiu..
3362 1624 3500 1716 jam
3563 1627 3827 1699 duratio

910 1725 1129 1816 aliqua
1172 1719 1309 1796 fine
1357 1720 1658 1797 mensura
1703 1724 2064 1819 praeteriit,
2128 1723 2294 1797 adeo
2318 1741 2397 1795 ut
2425 1773 2448 1810 ‚
2492 1738 2691 1794 motu
2726 1722 3042 1815 impedito
3076 1772 3099 1809 ‚
3169 1742 3429 1815 tempus
3462 1748 3657 1816 aeque
3690 1744 3829 1796 non

910 1823 1136 1893 exacte
1175 1820 1625 1896 mensuratum
1657 1816 1741 1896 fit
1779 1822 2134 1896 dicendum
2157 1873 2182 1912 ‚
2235 1847 2313 1895 ac
2372 1844 2665 1915 pannum
2719 1821 3145 1917 negligentius
3231 1819 3681 1894 mensuratum
3733 1809 3827 1893 di-

911 1921 1118 1991 cimus
1143 1971 1166 2006 ‚
1215 1945 1377 1992 cum
1408 1920 1623 2014 aliqua
1665 1946 1815 2015 pars
1838 1971 1861 2008 ,
1914 1922 2073 1994 ulna
2119 1945 2257 1993 non
2295 1920 2559 1994 admota
2579 1971 2604 2007 ,
2657 1918 3075 2021 praetermiffa
3122 1921 3232 1997 est.
3299 1920 3478 1993 Hinc
3518 1916 3825 1994 omnibus

911 2036 1179 2089 motum
1216 2018 1593 2090 circularem
1634 2016 2046 2112 praeferimus
2067 2069 2099 2107 ,ξ
2142 2044 2261 2092 ceu
2298 2020 2594 2093 maxime
2643 2040 3057 2111 perpetuum.
3310 2044 3315 2053 ·

919 2122 926 2131 '
1105 2115 1179 2186 X
1204 2113 1277 2186 X
1306 2116 1359 2186 1·.
1424 2116 1730 2188 Tandem
1768 2119 1968 2190 etiam
2006 2138 2271 2190 motum
2325 2114 2730 2214 deposcimus
2780 2115 3138 2193 senfibilem
3169 2171 3190 2206 ,
3238 2144 3374 2214 quo
3415 2120 3594 2191 enim
3621 2116 3825 2213 magis

908 2212 978 2282 in
1014 2207 1226 2282 sensus
1257 2213 1578 2301 incurrit,
1625 2239 1707 2287 co
1745 2215 1827 2287 ad
1877 2220 2301 2289 communem
2345 2219 2662 2310 temporis
2701 2217 3067 2292 mensuram
3099 2218 3189 2293 est
3244 2218 3820 2291 accommodatior.

908 2309 1038 2383 Sic-22
1063 2330 1285 2380 motus
1332 2313 1679 2384 continuus
1699 2316 1769 2384 in
1802 2314 2029 2386 eadem
2077 2319 2254 2386 resta
2293 2314 2459 2386 linea
2494 2318 2809 2410 temporis
2838 2315 3139 2390 mensura
3177 2314 3295 2403 effe
3329 2318 3574 2409 nequit.
3660 2318 3825 2389 Prae-

907 2426 1212 2500 terquam
1234 2407 1413 2478 enim
1462 2410 1644 2501 quod
1674 2460 1699 2496 ,
1749 2409 2020 2504 aequalis
2064 2411 2216 2483 licet
2267 2415 2600 2500 maxime,
2633 2437 2899 2509 propter
2943 2414 3310 2489 distantiam
3354 2412 3598 2508 objecti
3640 2410 3812 2487 cres-

912 2525 1171 2580 centem
1216 2506 1419 2578 indies
1447 2554 1470 2595 ,
1522 2508 1864 2600 inaequalis
1897 2511 2230 2583 videretur
2261 2563 2285 2597 ,
2322 2507 2515 2583 nobis
2547 2513 2812 2586 tandem
2863 2515 3049 2609 plane
3077 2513 3450 2587 insenlibilis
3494 2511 3816 2585 evaderet.

1111 2603 1186 2677 X
1208 2603 1414 2678 XII.
1471 2606 1575 2678 Ex
1599 2609 1694 2679 his
1741 2606 2056 2681 omnibus
2092 2629 2315 2704 patet:
2354 2612 2569 2705 primo
2591 2662 2613 2698 ‚
2651 2611 3031 2707 Clepsyd'ras
3059 2664 3081 2699 ‚
3111 2613 3484 2708 Horologia
3517 2663 3543 2697 ‚
3575 2612 3833 2703 aliaque·

909 2702 1198 2775 humana
1227 2723 1365 2776 arte
1413 2701 1812 2793 fabrefacta,
1866 2728 2132 2781 motum
2177 2709 2442 2802 quidem
2469 2711 2686 2784 metiri
2718 2763 2744 2800 ‚
2792 2710 2899 2783 sed
2939 2736 3073 2784 non
3113 2731 3417 2786 accurate
3467 2708 3609 2781 satis
3626 2737 3651 2793 ,-
3682 2721 3827 2780 mo·

911 2818 1023 2871 tus
1063 2804 1242 2874 euim
1279 2800 1664 2878 artificiosus
1707 2825 1823 2880 aut
1851 2832 2003 2880 non
2046 2805 2137 2905 est
2170 2805 2511 2902 aequabilis
2538 2863 2561 2897 ‚
2603 2832 2721 2883 aut
2771 2835 2909 2884 non
2958 2834 3311 2906 perpetuus
3337 2862 3360 2899 ,
3435 2806 3529 2883 ob
3600 2804 3827 2880 crebra

912 2896 1380 2989 impedimenta
1417 2951 1443 2988 ‚
1500 2905 1781 2997 ideoque
1826 2906 1978 2978 talia
2025 2904 2299 2980 artificia
2351 2907 2435 2979 ad
2472 2933 2873 3003 perpetuum·
2912 2907 3079 2984 Solis
3127 2905 3407 2985 motum·
3424 2904 3702 2979 subinde
3732 2906 3827 2976 inr-

759 3045 778 3058 t
909 2991 1182 3065 staurari
1239 2995 1503 3069 debent.
1576 3001 1876 3072 Secundo
1907 3051 1932 3087 ‚
1990 3006 2314 3096 optimam
2357 3008 2673 3097 temporis
2729 3006 3099 3110 mensuram
3176 3007 3293 3082 effe
3348 3023 3578 3079 motus
3633 3002 3829 3076 aſtro·-

916 3117 1071 3164 rum
1126 3090 1479 3184 aequabiles
1528 3145 1554 3182 ‚
1626 3098 1858 3170 celeres
1904 3096 2052 3172 satis
2108 3124 2230 3171 nec
2280 3099 2489 3171 lentos
2541 3103 2736 3179 nimis
2762 3156 2784 3191 ‚
2838 3126 3189 3199 perpetuos
3212 3160 3237 3195 ‚
3290 3105 3627 3179 circulares
3653 3152 3676 3189 ‚
3738 3120 3832 3173 at-

915 3213 1046 3285 que
1087 3190 1255 3262 inter
1288 3215 1400 3262 eos
1445 3194 1732 3267 maxime
1770 3191 2091 3268 senfibiles
2122 3247 2147 3285 ‚
2199 3197 2364 3270 Solis
2402 3222 2638 3296 nempe
2694 3205 2759 3274 ἃ
2800 3205 3063 3277 Lunae·
3116 3208 3295 3279 Hinc
3349 3204 3432 3275 ad
3473 3201 3833 3278 distinffio-

911 3313 1070 3362 nem
1122 3308 1502 3382 temporum
1542 3292 1856 3366 divinitus
1896 3292 2089 3369 nobis
2164 3295 2308 3369 haec
2348 3292 2553 3370 fidera
2591 3297 2740 3372 data
2766 3299 2883 3374 effe
2921 3302 3196 3396 legimus
3225 3355 3248 3389 ,
3308 3298 3541 3375 Geness
3570 3299 3622 3370 I.

1109 3388 1280 3461 XX
1309 3390 1478 3462 ΙΙΙ.
1542 3391 1809 3465 Horum
1857 3395 2111 3466 ratione
2164 3416 2424 3489 tempus
2466 3395 2876 3493 distinguitur
2923 3399 2992 3472 in
3044 3402 3378 3487 Annum··,
3451 3393 3751 3469 Mensem
3801 3436 3837 3481 ι·

916 3485 1118 3557 Diem
1173 3488 1292 3558 διε.
1343 3514 1498 3583 quae
1547 3493 1907 3565 accuratius
1958 3490 2007 3565 fi
2049 3493 2197 3588 quis
2251 3491 2424 3567 nofl'e
2477 3494 2792 3569 defiderat
2824 3550 2846 3584 ‚
2894 3501 3350 3595 Chronologos
3407 3501 3471 3571 &
3522 3495 3835 3566 Astrono·

915 3606 1068 3654 mos
1118 3584 1312 3656 adeat
1347 3615 1372 3670 ς
1447 3608 1525 3659 ut
1578 3594 1756 3665 enim
1795 3592 2266 3688 Topographia
2319 3596 2355 3662 ὲ
2398 3591 2662 3684 Phylica
2708 3597 2833 3667 loci
2895 3601 3285 3671 tractatione
3307 3625 3334 3681 ,-
3389 3600 3482 3672 ita
3530 3594 3835 3667 chrono-

901 3679 1098 3776 'logia
1139 3682 1180 3751 it
1228 3686 1544 3779 temporis
1595 3686 2110 3764 consideratione
2157 3687 2425 3794 Physica
2461 3691 2821 3785 plurimum
2869 3692 3143 3771 diffidet.

1117 3833 1194 3908 N
1194 3858 1323 3911 unc
1342 3891 1368 3932 ‚
1400 3864 1486 3916 an
1520 3859 1784 3937 tempus
1829 3836 2042 3916 solide
2057 3844 2641 3938 explicaverimus,
2696 3844 3169 3939 quaeffiombm
3192 3850 3445 3948 aliquot
3467 3842 3839 3943 potiendum

917 3925 1260 4007 faciemus.

2037 4039 2211 4128 Qu
2258 4053 2322 4114 Β
2384 4058 2417 4112 s
2475 4059 2546 4114 τ.
2649 4039 2711 4118 1.

1115 4173 1410 4268 Tempus
1441 4171 1640 4269 quale
1678 4173 1772 4252 est'
1804 4200 1918 4252 ens
1941 4229 1968 4268 ‚
2030 4181 2284 4256 realene
2338 4205 2426 4253 an
2486 4181 2757 4256 rationis
2805 4179 2843 4255 ἓ
2910 4183 3099 4282 Resp.
3152 4189 3367 4263 Multa
3416 4191 3486 4261 in
3526 4202 3839 4276 tempore

925 4268 1311 4347 considerari
1360 4269 1641 4368 poffunt.
1712 4276 1765 4349 1.
1815 4271 1961 4372 Ipsa
2006 4281 2142 4368 rei,
2188 4281 2372 4374 cujus
2413 4301 2674 4377 tempus
2726 4285 3035 4357 metimur
3060 4338 3083 4372 ‚
3123 4288 3403 4360 duratio.
3536 4286 3574 4358 Ι
3596 4286 3647 4356 Ι.
3678 4281 3841 4353 Du-

925 4373 1194 4444 rationis
1245 4375 1611 4468 quantitas,
1652 4370 1790 4450 five
1833 4376 2192 4454 durationis
2237 4381 2430 4474 hujus
2473 4405 2639 4455 cum
2672 4379 2931 4453 alterius
2981 4387 3342 4474 metientis,
3401 4384 3591 4458 verbi
3619 4382 3840 4479 grati&

924 4493 1148 4544 motus
1170 4522 1195 4566 ,
1250 4473 1594 4547 duratione
1633 4471 1998 4570 proportio·
2066 4477 2229 4551 111.
2281 4476 2425 4574 Ipsa
2467 4480 2558 4550 rei
2605 4476 2864 4553 duratio
2888 4531 2913 4568 ‚
2971 4507 3123 4577 quae
3172 4484 3252 4556 ad
3318 4484 3689 4568 mensuram
3743 4485 3843 4557 al·

924 4570 1126 4645 terius
1175 4567 1531 4650 afflamina.
1630 4571 1777 4648 IV.
1828 4575 2020 4651 Aetio
2044 4575 2318 4669 mentis,
2353 4600 2484 4671 qua
2521 4574 2780 4649 duratio
2802 4628 2828 4668 ‚
2863 4603 3063 4675 quam
3110 4583 3423 4657 metimur
3446 4636 3472 4675 ,
3526 4611 3679 4660 cum
3705 4587 3840 4661 du-

3486 4701 3493 4708 ·
3538 4687 3841 4766 ‘ratione
