4188 5670
943 317 1084 390 xes
1519 305 2010 381 D1ssnn.
2114 321 2249 406 ιη
2356 301 3300 380 Looonracuus

934 495 1086 570 sunt
1102 541 1127 579 ,
1177 506 1498 580 tauquam
1531 487 1686 561 mali
1723 484 1962 559 ominis
2010 479 2244 570 verba,
2276 483 2497 557 alarin
2543 484 2710 582 loqui
2754 543 2759 549 .
2771 480 3087 579 potuiffem
3100 484 3146 556 ἓ
3195 478 3419 557 Miseri
3478 483 3866 561 homuncio-

933 594 1093 666 nes!
1170 588 1284 683 qui
1321 608 1662 678 nunquam
1715 585 1942 679 magist
1965 582 2173 676 inepti
2221 578 2440 654 sumus
2470 631 2495 670 ‚
2543 604 2748 675 quam
2801 605 2955 654 cum
3018 581 3306 656 maxime
3350 605 3658 660 cavemus
3697 633 3723 669 ,
3785 611 3870 659 ne

935 690 1140 785 inepti
1193 684 1536 758 videamur
1559 713 1584 767 3
1627 685 1694 756 &
1731 707 1884 755 cum
1935 677 2126 754 fateri
2162 680 2472 754 nolumus
2516 680 2873 752 minimum
2918 697 3269 770 *err-orem,
3319 683 3683 754 maximam
3715 681 3868 754 stul-

939 791 1156 861 titiam
1199 782 1555 880 prodimus.
1626 781 1752 854 Sed
1819 780 2168 853 videantur
2218 780 2365 853 haec
2409 779 2548 852 duo
2598 779 2931 866 remedia‚‘
2957 780 3056 851 uti
3099 777 3247 852 sane
3303 778 3623 872 plerisque
3666 779 3867 854 viden

945 907 1052 957 tur
1073 937 1095 972 ‚
1152 881 1527 955 amariora:
1587 880 1832 954 nihilne
1860 881 2054 973 igitur
2078 878 2255 974 pacis
2306 875 2518 952 cnufl'a
2566 873 2912 952 ferendum
2951 874 3094 950 est?
3143 876 3374 971 quanti
3428 879 3862 974 tranquillius
3938 975 3947 980 ν

737 993 746 1003 ”
937 985 1136 1057 animi
1164 1033 1188 1069 ‚
1230 1003 1383 1075 quae
1421 979 1754 1076 perpetuis
1786 978 1915 1050 istis
1960 979 2183 1073 jurgiis
2247 973 2556 1050 turbatur
2581 1025 2607 1063 ,
2667 976 2943 1049 emenda
2976 972 3170 1048 nobis
3206 974 3462 1049 videtur
3493 973 3530 1049 ἲ

1319 1185 1507 1254 Dura
1547 1177 1772 1277 aliquis
1813 1190 2101 1269 praecepta
2160 1190 2335 1245 vocet
2384 1200 2567 1259 mea3
2628 1174 2792 1250 dura
2815 1173 3103 1267 sceti-mm·

1361 1272 1493 1374 Effi?
1520 1305 1540 1344 .-
1562 1274 1682 1367 de
1689 1324 1720 1362 ,
1772 1292 1850 1347 ut
1880 1274 2131 1380 valeas.
2156 1271 2357 1346 multa
2397 1273 2649 1348 dolenda
2678 1274 2862 1370 feres.

1144 1473 1270 1549 Sed
1308 1469 1565 1549 tametsi
1612 1466 1815 1543 verba
1866 1469 2111 1557 nostra,
2154 1495 2308 1564 quae
2341 1470 2501 1544 alios
2545 1466 2894 1547 offendunt
2927 1523 2950 1558 ‚
2990 1474 3322 1547 immerito
3369 1471 3711 1552 offendant
3730 1509 3754 1563 ;
3773 1498 3866 1554 ta·

937 1598 1087 1648 men
1141 1569 1192 1644 fi
1242 1573 1366 1646 alia
1408 1597 1548 1645 non
1597 1569 1814 1641 minus
1867 1566 2201 1663 perspicua
2258 1565 2468 1641 adfint
2496 1620 2521 1657 ‚
2581 1568 2820 1664 quibus
2868 1571 3041 1643 idem
3084 1571 3297 1645 dicere
3329 1569 3690 1667 poffimus,
3723 1603 3863 1658 uta.

938 1697 1088 1745 mur
1124 1673 1228 1743 hic
1268 1661 1725 1753 συγκαταζᾶηι
1749 1717 1775 1755 ,
1835 1690 2292 1740 removeamus
2338 1667 2376 1737 ὲ
2419 1669 2550 1750 lvia
2608 1668 2853 1762 lapides
2900 1720 2925 1757 ,
2968 1668 3072 1740 ad
3147 1695 3312 1763 quos
3364 1697 3601 1768 parum
3673 1701 3862 1756 acuae

940 1789 1272 1844 cernentes
1314 1760 1666 1840 offendunt
1687 1815 1710 1851 ‚
1745 1786 1943 1858 atque
1983 1762 2418 1838 abstineamus
2442 1815 2465 1851 ,
2513 1785 2838 1860 quantum
2897 1763 3230 1859 pofl'umus
3252 1821 3276 1858 ‚
3320 1772 3357 1840 a
3388 1772 3858 1867 locutionibus,

941 1892 1101 1962 quas
1148 1866 1445 1939 videmus
1473 1864 1644 1937 male
1699 1864 1991 1959 intelligi.
2060 1864 2227 1937 Non
2271 1863 2436 1936 tanti
2486 1864 2593 1935 vel
2659 1862 3004 1958 aptiffimae
3054 1892 3253 1939 voces
3323 1868 3516 1943 nobis
3570 1871 3692 1946 effe
3759 1878 3865 1950 de-

942 1964 1107 2037 bem:
1126 2015 1149 2051 ‚
1201 1982 1281 2036 ut
1345 1964 1480 2035 illas
1536 1959 1671 2034 fine
1718 1959 2085 2035 neceffitate
2120 1985 2274 2034 cum
2325 1963 2498 2056 pacis
2533 1959 2864 2055 dispendio
2900 1963 3233 2039 mordicus
3256 1971 3531 2042 retinere
3562 1974 3855 2048 velimus.

948 2058 1281 2136 Officium
1323 2059 1684 2134 verborum
1727 2059 1841 2147 est,
1890 2062 2093 2134 animi
2131 2058 2331 2133 nostri
2382 2057 2557 2132 sensa
2601 2060 2740 2131 aliis
2802 2058 3171 2156 significare
3205 2096 3235 2137 ι.
3281 2091 3432 2138 cum
3503 2069 3852 2164 videmus,

947 2186 1026 2234 ea
1077 2159 1194 2233 suo
1221 2160 1326 2231 hic
1366 2155 1590 2233 officio
1650 2184 1788 2230 non
1825 2148 2134 2253 deffingi,
2203 2157 2507 2253 aliudque
2557 2159 2777 2232 multis
2813 2156 3170 2255 fignifioere
3190 2218 3215 2252 ‚
3253 2189 3457 2256 quam
3506 2171 3693 2266 quod
3724 2177 3861 2246 ‘nos

948 2259 1069 2331 illis
1127 2254 1481 2353 fignificare
1526 2257 1895 2338 voluimus3
1933 2256 2342 2329 dimittamus
2392 2281 2513 2342 ea,
2562 2278 2876 2351 tanquam
2928 2256 3173 2349 servos,
3252 2259 3305 2337 fi
3376 2289 3514 2339 non
3584 2268 3798 2344 malos
3824 2323 3854 2360 ,

953 2377 1125 2429 certe
1169 2357 1466 2439 inutiles;
1513 2353 1873 2449 praestrtim
1909 2351 1966 2425 fi
1996 2354 2120 2425 alia
2157 2351 2370 2425 adfint
2420 2355 2501 2426 ad
2541 2354 2669 2426 hoc
2719 2359 3145 2431 ministerium
3190 2360 3445 2435 idonee.
3541 2365 3610 2436 Si
3637 2392 3857 2459 quou-

951 2456 1109 2527 dam
1171 2452 1441 2528 Erasmo
1493 2455 1559 2526 ἀ
1604 2453 1842 2526 veritas
1893 2448 2215 2545 displicuit
2260 2450 2596 2532 seditiosa3
2645 2452 2852 2527 verba
2896 2476 3068 2532 certe
3105 2457 3421 2549 seditiosa,
3446 2462 3596 2534 lieet
3622 2462 3857 2540 sensus

955 2577 1188 2628 eorum
1239 2550 1321 2624 fit
1354 2551 1661 2625 innoxius
1691 2601 1716 2640 ‚
1748 2547 1945 2623 nobis
1978 2549 2230 2645 placere
2283 2550 2552 2622 minime
2613 2550 2875 2627 debent.

551 2707 905 2848 2:⁸3,me
1161 2749 1485 2846 Equidem
1534 2746 1770 2841 fateor,
1801 2774 1939 2825 non
1981 2741 2233 2845 semper
2276 2745 2442 2821 huic·
2467 2750 2761 2825 remedio
2818 2754 3040 2827 locum
3092 2741 3231 2828 essiz.
3355 2759 3541 2832 Cum
3591 2767 3768 2838 enim
3823 2765 3854 2856 ,'

534 2864 753 2950 semper
771 2875 842 2952 est
948 2852 1132 2942 quod
1184 2852 1292 2921 alii
1330 2847 1740 2942 perspicuum
1793 2849 1884 2922 est
1914 2902 1937 2937 ‚
1992 2871 2190 2943 atque
2232 2845 2636 2943 aptiffimum
2679 2902 2705 2939 ‚
2757 2854 2864 2926 alii
2922 2855 3169 2928 durum
3224 2853 3522 2932 videatur
3570 2865 3637 2934 &
3685 2868 3851 2959 peri-

549 2943 719 3013 loeus.
949 2945 1244 3018 culusum
1271 2972 1304 3025 ε,
1350 2943 1493 3017 fieri
1537 2972 1675 3019 non
1723 2947 1935 3038 potest
1955 2997 1980 3030 ‚
2033 2965 2111 3018 ut
2162 2943 2357 3017 simul
2399 2951 2707 3021 omnium
2756 2955 3079 3024 rationem
3138 2953 3453 3029 habentes
3478 3009 3504 3046 ‚
3573 2960 3657 3033 ad
3704 2989 3851 3038 om.

887 3088 894 3095 ·
942 3045 1131 3117 nium
1182 3059 1451 3136 captum
1496 3044 1563 3113 δι
1623 3043 1974 3135 loquamur
2028 3045 2097 3113 δι
2157 3039 2528 3114 scribamus.
2622 3045 2844 3121 Verba
2889 3073 3205 3140 praeterea
3268 3079 3458 3147 aeque
3518 3056 3853 3156 perspicua

842 3194 848 3200 »
946 3160 1143 3237 atque
1183 3141 1268 3213 ad
1323 3140 1389 3223 id
1419 3187 1444 3225 ,
1487 3139 1666 3232 quod
1714 3139 1923 3211 dicere
1970 3138 2304 3224 volumus,
2336 3143 2828 3218 accommodata
2876 3144 3047 3240 ssepe
3093 3149 3335 3224 facilius
3379 3153 3472 3226 est
3528 3181 3851 3251 quaerere,

940 3264 1144 3336 quam
1201 3237 1482 3331 reperire
1512 3265 1539 3321 ,-
1592 3231 2030 3309 difficilimum
2070 3259 2233 3307 vero
2275 3235 2367 3308 est
2406 3238 2498 3309 ita
2552 3238 2772 3334 loqui,
2824 3264 2903 3317 ut
2948 3245 3155 3320 verba
3198 3267 3313 3325 tua
3362 3248 3450 3323 ab
3508 3255 3755 3332 invidis
3782 3265 3854 3334 gg

933 3333 1268 3412 malitiosis
1326 3333 1788 3429 interpretibus
1850 3337 1919 3407 in
1973 3358 2255 3438 pravum
2327 3333 2579 3409 sensum
2665 3340 3040 3437 detorqueri
3123 3372 3262 3420 non
3334 3346 3589 3444 poffint.
3710 3359 3857 3431 Hic

929 3463 1093 3511 vero
1145 3434 1512 3508 faciendum
1542 3485 1563 3521 ,
1615 3434 1798 3529 quod
1836 3431 1980 3507 fieri
2030 3430 2277 3528 potest:
2340 3431 2390 3505 fi
2430 3440 2469 3505 a
2519 3432 2737 3509 verbis
2767 3491 2792 3527 ‚
2856 3464 3009 3538 quae
3071 3448 3411 3538 quosdam·
3440 3442 3790 3529 offendunt
3820 3506 3850 3545 ‚

932 3533 1249 3605 abstinere
1279 3557 1416 3604 non
1462 3533 1611 3604 licet
1641 3584 1665 3621 ‚
1721 3533 2082 3606 remedium
2116 3532 2582 3625 Logomachiae
2648 3539 2769 3609 erit
2817 3537 3156 3615 clariffima
3192 3547 3431 3619 eorum
3497 3555 3855 3644 interp-eta.

923 3638 1031 3702 tio.
1112 3634 1624 3723 Interpretemur
1675 3632 1873 3723 igitur
1896 3629 2102 3702 verba
2144 3630 2557 3703 controversa
2581 3633 2673 3705 ita'
2713 3634 2880 3707 clare
2903 3687 2926 3723 ,
2973 3658 3299 3732 quantum
3347 3649 3439 3716 in'
3477 3644 3670 3720 nobis
3694 3653 3795 3724 est
3829 3704 3857 3743 ,

921 3749 1003 3800 ut
1060 3730 1164 3802 vel
1217 3723 1623 3823 stupidiffimi
1668 3730 1776 3800 illa
1806 3727 2159 3820 intelligere
2195 3746 2482 3820 queant,
2537 3731 2803 3825 maligni
2829 3759 2990 3809 vero
3020 3762 3097 3810 ea
3124 3741 3477 3838 intelligere
3500 3768 3848 3843 cogantur.

539 3940 789 4019 scapos-ts
1124 3924 1308 3996 Cave
1355 3941 1576 3995 tamen
1603 3971 1632 4035 .’
1686 3918 2091 4037 quemquam
2121 3970 2145 4007 ‚
2183 3946 2385 4014 quem
2418 3920 2638 4001 sanare
2681 3929 2903 4025 cupis,
2954 3952 3074 4008 aut
3106 3934 3383 4032 stuporis
3428 3962 3549 4015 aut
3570 3947 3853 4023 malitia:

537 4014 612 4076 (θ’
630 4020 862 4081 malitie
930 4019 1200 4093 accuses.
1281 4021 1358 4093 N
1357 4046 1446 4092 on
1470 4021 1812 4093 audrantur
1835 4018 1993 4092 ista:
2039 4025 2372 4120 oppugnas,
2421 4047 2558 4120 quae
2594 4054 2711 4100 non
2763 4031 3039 4130 intelligis
3059 4063 3080 4102 .·
3132 4041 3370 4134 iniquae
3407 4064 3489 4126 es,
3543 4044 3856 4131 injurim
3910 4064 3925 4076 ·

517 4114 879 4264 Ε’ἔάῗῖΐᾶω
929 4118 1083 4190 mihi
1108 4119 1273 4214 facis
1300 4169 1328 4206 ‚
1374 4120 1540 4191 mala
1565 4119 1702 4212 fide
1748 4121 1892 4214 agris,
1923 4118 2256 4232 qavillank,
2290 4119 2682 4200 calumniaris
2706 4178 2732 4216 ,
2769 4134 3036 4206 memini
3080 4183 3106 4221 ‚
3151 4135 3219 4207 &
3251 4129 3303 4206 fi
3344 4137 3501 4228 quid
3554 4146 3859 4219 atrocius

517 4259 723 4337 saum
750 4286 849 4329 m·
930 4216 1056 4288 d1c1
1091 4216 1326 4313 potest.
1405 4212 1544 4291 Etfi
1586 4218 1828 4290 horum
1874 4216 2090 4309 aliqua
2131 4241 2286 4290 vera
2326 4211 2455 4290 smt
2482 4269 2508 4307 ,

525 4358 738 4425 pmm'
1337 4410 1576 4479 Parcius
1615 4408 1726 4502 ista
1768 4412 1920 4481 virzi
1958 4427 2163 4484 tamen
2201 4399 2531 4498 objicienda
2568 4414 2878 4515 manente.

523 4535 629 4675 5:2¹
638 4556 860 4686 1:2²3,
920 4593 1090 4669 Non
1115 4598 1202 4668 ita
1220 4595 1457 4668 volunt
1478 4593 1741 4666 tractari
1763 4594 2005 4689 aegroti
2058 4592 2260 4667 nostri
2283 4645 2308 4681 ‚
2341 4594 2681 4668 irritantur
2716 4591 2813 4661 his
2831 4588 3043 4685 diffls,
3075 4622 3219 4674 non
3252 4593 3583 4676 finanum
3641 4591 3854 4687 Quid

521 4697 854 4809 adhib-²239.
920 4692 1120 4785 igitur
1145 4698 1190 4771 ?
1214 4719 1312 4767 ars
1360 4689 1725 4769 adhibenda
1746 4690 1881 4779 est,-
1906 4691 2112 4770 lenius
2142 4715 2219 4769 ac
2239 4693 2499 4770 mollius
2521 4691 2629 4765 hic
2650 4687 2994 4783 agendum.
3717 4694 3867 4789 ,Vis
