4188 5670
1154 299 1253 354 iu
1336 277 2311 388 Ιὶιειιωε,Ριυτεῐοηκἱ
3082 329 3223 401 125

435 491 442 500 ·
528 458 686 533 Huc
731 462 1012 555 pertinet
1046 484 1351 553 ea‚·quae
1391 461 1644 536 invidia
1669 459 1721 532 a
1767 460 1990 533 multis
2016 456 2219 540 tribui
2256 463 2454 557 solet,
2506 473 3005 568 vis-fficimndi,
3077 483 3247 557 lund

320 558 535 632 etiam
563 608 588 645 ‚
637 560 820 652 quod
867 559 936 632 in
975 559 1136 632 aleae
1181 553 1323 631 lusu
1364 561 1558 632 toties
1625 560 1893 653 quidam
1943 557 2010 632 se
2072 561 2331 636 vincere
2376 573 2633 661 putant'
2676 557 2932 672 que-'ties
2990 583 3248 656 vincere

315 655 619 730 nolunt:
653 660 768 760 qui
795 684 931 732 non
961 658 1165 732 modo
1207 657 1311 730 hic
1353 658 1680 755 ineptiunt
1703 710 1729 745 ‚
1781 657 1887 732 sed
1925 657 2141 730 fecum
2169 687 2508 758 pugnant:
2559 698 2715 744 cum
2759 664 2941 748 enini
2991 681 3249 753 vincere

319 756 576 830 nolunt
617 780 770 828 eum
815 758 888 829 in
935 755 1141 832 finem
1183 775 1259 827 ut
1303 758 1571 831 vincant
1592 810 1616 849 ‚
1670 758 1850 852 quod
1899 758 2070 832 nolle
2117 755 2239 832 fibi
2279 764 2584 842 videntur
2609 822 2634 858 ‚
2692 773 3249 852 vehementiffime

319 856 630 950 cupiunt.
731 856 909 928 Hinc
957 880 1222 953 quoque
1256 855 1386 943 est,
1439 857 1620 952 quod
1659 858 1727 928 in
1764 849 1959 930 rebus
2007 858 2207 929 etiam
2276 863 2467 955 plane
2517 868 2800 942 fortuitis
2869 873 3249 949 audaciores

319 956 581 1027 eneceris
612 955 959 1028 creduntur
986 954 1301 1029 feliciores
1329 985 1357 1038 ‚·
1406 979 1490 1027 ex
1529 982 1663 1049 quo
1695 955 1851 1026 illud
1896 983 1912 1025 ε
1964 956 2223 1029 audaces
2242 961 2509 1051 sbi-tuna
2560 969 2807 1057 juvat..⁸
2843 975 3004 1060 Qo
3029 974 3247 1046 minus

316 1052 706 1126 mirandum
757 1053 848 1127 est
872 1105 896 1141 ,
943 1052 993 1126 fi
1042 1055 1286 1135 verbis,
1333 1049 1382 1123 fi
1423 1052 1745 1146 scripturae
1776 1103 1801 1140 ‚
1860 1058 2070 1128 virtus
2118 1054 2500 1136 adscribitur
2523 1117 2548 1153 ‚
2603 1092 2756 1139 cum
2803 1072 3003 1144 nudae
3048 1072 3245 1144 etiam

315 1152 711 1246 cogitationi
753 1173 938 1226 tanta
983 1150 1138 1225 infit
1181 1147 1489 1248 efficacia.
2608 1211 2610 1214 ψ

524 1311 685 1384 Non
736 1333 931 1385 vaoet
969 1307 1208 1398 nobis,
1258 1337 1472 1405 neque
1498 1361 1521 1397 ,
1551 1306 1601 1382 fi
1628 1326 1886 1384 vacaret
1914 1360 1939 1398 ‚
1990 1310 2250 1401 liceret,
2305 1318 2531 1389 omnia
2557 1315 3082 1411 superstitionum
3138 1358 3247 1426 gc.

315 1434 482 1484 nera
525 1434 904 1485 enumerare
929 1441 956 1495 ,-
1020 1408 1338 1506 liquidem
1381 1410 1595 1482 nullus
1639 1409 1733 1481 ’est
1769 1408 2092 1502 populus,
2131 1412 2306 1483 nulla
2361 1415 2586 1492 civitas
2618 1466 2643 1503 ,
2724 1419 2940 1491 nullus
2977 1449 3179 1520 pagus
3214 1482 3239 1518 ‚

313 1510 502 1584 nulla
547 1510 783 1584 domus
821 1533 939 1582 aut
989 1511 1332 1604 tugurium
1358 1560 1383 1596 ‚
1429 1533 1592 1603 quae,
1626 1534 1766 1581 non
1812 1509 2160 1601 peculiares
2199 1510 2569 1603 hujusmodi
2614 1518 2988 1609 opiniones,
3041 1527 3079 1593 a
3104 1529 3247 1601 Ma..

313 1605 580 1697 juribus
618 1610 888 1682 traditas
913 1660 936 1695 ,
980 1613 1118 1703 pari
1168 1633 1438 1703 quoque
1483 1603 1615 1680 fide
1664 1632 1740 1679 ac
1786 1606 2097 1701 religione
2139 1608 2405 1701 posteris
2449 1612 2678 1684 tradat.
2818 1614 3111 1696 Sufficiet
3161 1629 3243 1702 ad

316 1705 698 1780 institutum
733 1706 1029 1782 nostrum
1054 1759 1076 1793 ,
1133 1708 1448 1801 exemplis
1480 1708 1550 1777 in
1601 1706 1899 1779 medium
1947 1704 2153 1777 allatis
2179 1757 2204 1793 ‚
2256 1706 3001 1808 superstitionianostrae
3050 1745 3245 1798 natu.

311 1830 464 1878 ram
516 1809 915 1902 geniumque
967 1803 1298 1880 ostendisse
1326 1833 1366 1876 :-
1393 1806 1584 1899 plura
1624 1803 1916 1899 quotidie
1958 1800 2388 1893 observabit,
2442 1809 2545 1878 cui
2600 1807 2859 1882 libuerit
2906 1816 3239 1915 plerasque

311 1906 509 1998 vulgi
562 1904 630 1975 in
663 1903 861 1977 rebus
915 1902 1317 1978 naturalibus
1354 1904 1689 1997 opiniones
1715 1954 1738 1990 ,
1795 1900 1877 1974 ad
1930 1926 2166 1998 paucas
2202 1921 2464 1977 tantum
2513 1906 2650 1979 illas
2675 1952 2696 1981 ‚
2742 1933 3021 2003 quarum
3051 1916 3239 2013 supra

307 1999 738 2076 mentionem
780 2000 1093 2090 fecimus,
1130 2023 1384 2075 naturae
1425 2000 1768 2097 motusque
1809 2005 2063 2093 regulas
2088 2006 2479 2076 examinare.

543 2154 649 2226 Ex
696 2154 1119 2251 superstitiosa
1146 2211 1170 2247 ‚
1221 2159 1300 2231 de
1333 2187 1461 2256 qua
1494 2162 1699 2234 locuti
1740 2156 1962 2231 sumus
2005 2159 2319 2231 hactenus
2353 2208 2380 2244 ‚
2448 2156 2803 2231 cannarum
2848 2157 3251 2240 effectuumss'

310 2277 453 2346 que
496 2256 774 2327 minime
825 2259 1292 2330 cohaerentium
1336 2260 1780 2355 colligatione,
1831 2259 1955 2330 alia
2003 2277 2160 2330 nata
2185 2255 2321 2344 est',
2374 2280 2495 2329 nec
2539 2260 2754 2330 minus
2789 2258 3091 2354 stequens
3115 2290 3241 2338 nec

309 2353 540 2424 minus
572 2351 792 2447 inepta
825 2406 852 2443 ‚
902 2355 1277 2450 superstitio·
1365 2364 1801 2453 Qaecunque
1866 2358 2043 2430 enim
2106 2357 2407 2428 homines
2479 2355 3036 2432 vehementiffime
3083 2360 3240 2436 scite

315 2451 598 2544 cupiunt
623 2506 642 2536 ‚
692 2454 798 2523 illa
830 2457 1258 2550 undecunque
1309 2461 1586 2532 divinari
1628 2455 1801 2552 poss'e
1850 2454 1972 2528 fibi
2024 2453 2429 2549 persuadent.
2506 2458 2711 2544 Qod
2757 2454 2801 2525 Γ
2833 2463 3010 2529 enim
3031 2462 3242 2553 quod-

318 2548 480 2620 libet
528 2550 874 2645 cujuslibet
916 2553 1119 2628 caussa
1156 2558 1285 2644 est,
1340 2558 1496 2652 quid
1528 2559 1819 2642 mirum,
1855 2551 1903 2625 fi
1964 2551 2306 2648 quodlibet
2335 2552 2534 2626 etiam
2576 2551 2921 2646 cujus1bet
2964 2559 3057 2627 rei
3094 2553 3215 2652 fig..

321 2672 486 2719 num
535 2650 652 2722 effe
710 2653 989 2744 potest?
1040 2657 1217 2728 Hinc
1266 2674 1373 2730 tot
1421 2657 1571 2728 sunt
1612 2654 1939 2726 divinandi
1976 2676 2198 2748 genera
2249 2650 2367 2723 ab·
2396 2651 2773 2724 hominibus
2824 2661 3229 2747 excogitata,

325 2766 404 2816 ut
448 2740 500 2815 fi
546 2752 811 2823 nomina
863 2777 1100 2826 eorum
1142 2757 1400 2849 paginae
1444 2755 1597 2824 huic
1621 2750 1930 2823 infarcire
2001 2752 2238 2824 vellem
2264 2800 2286 2834 ,
2356 2748 2529 2820 ultra
2599 2749 2932 2845 octoginta
3001 2754 3239 2827 Graeca

331 2843 710 2922 adducerem
766 2849 1102 2927 vocabula
1128 2905 1154 2940 ‚
1194 2854 1500 2946 pleraque
1551 2845 1913 2945 composita
1960 2873 2113 2921 cum
2152 2846 2426 2920 nomine
2470 2843 2738 2935 μαντὲια
2782 2875 2801 2919 z
2852 2850 3113 2945 prorsus
3133 2873 3235 2940 ut,

324 2946 379 3021 fi
435 2954 574 3046 quis
615 2950 1108 3025 Grammaticus
1134 2951 1172 3042 ζ
1196 2971 1272 3023 ut
1317 2949 1466 3023 sunt
1493 2952 1590 3025 his
1632 2951 1701 3022 in
1744 2944 1942 3022 rebus
1989 2943 2279 3036 curiosi)
2318 2969 2400 3017 ex
2450 2969 2557 3018 me
2599 2970 2972 3039 quaereret,
3025 2953 3237 3048 quod-

319 3074 482 3124 nam
529 3050 599 3121 in
640 3049 876 3122 Graeca
901 3049 1172 3144 lingua,
1226 3075 1379 3145 quae
1432 3048 1738 3125 omnium
1786 3047 2072 3121 maxime
2111 3040 2485 3139 compositis
2541 3043 2833 3121 abundat
2860 3100 2886 3136 ,
2940 3050 3235 3125 vocabu-

323 3147 474 3219 lum
527 3145 608 3219 sit
636 3198 658 3232 ,
701 3147 876 3240 quod
917 3149 1225 3242 plurimas
1276 3150 1581 3222 admittat
1639 3144 2143 3240 compositiones
2169 3197 2193 3233 ‚
2237 3145 2519 3219 dicerem
2567 3144 2850 3219 verbum
2902 3144 3235 3236 μαίνομειι,

305 3247 485 3330 ,hinc
521 3247 695 3319 enim
730 3246 862 3319 duo
902 3245 1295 3323 descendunt
1346 3248 1618 3319 nomina
1660 3248 1856 3334 μανίαι
1903 3249 1967 3318 &
2012 3234 2324 3334 μαντέιαι,
2350 3267 2638 3336 quorum
2687 3238 3051 3337 compofita
3095 3266 3238 3323 non

318 3348 876 3421 contemnendum
925 3345 1424 3420 vocabularium
1472 3343 1861 3418 constituere
1914 3341 2182 3437 pofl'ent.
2584 3408 2607 3443 a

519 3447 666 3518 Nec
709 3466 930 3521 tamen
973 3446 1211 3539 loquor
1259 3446 1368 3515 hic
1404 3444 1484 3514 de
1532 3443 1608 3512 iis
1633 3441 2118 3523 divinationum
2145 3436 2489 3530 generibus
2515 3484 2540 3523 ,
2594 3435 2712 3509 ubi
2738 3443 3054 3510 Daemones
3073 3463 3228 3511 con..

313 3543 670 3628 suluntur‚
704 3568 821 3618 aut
863 3569 1015 3639 quae
1052 3552 1260 3619 Deum
1303 3544 1641 3615 auctorem
1670 3537 1909 3609 habere
1935 3538 2244 3632 dicuntur
2266 3564 2292 3617 ‚-
2332 3533 2440 3606 sed
2475 3532 2556 3606 de
2595 3535 2671 3605 iis
2703 3585 2727 3621 ‚
2781 3557 2937 3629 quae
2980 3533 3069 3610 ab
3107 3537 3231 3631 ipfi:

315 3667 535 3718 rerum
587 3660 815 3715 natura
859 3643 1043 3716 nobis
1097 3642 1486 3738 suppeditari
1529 3635 1996 3710 existimantur.
2083 3638 2487 3730 Quanquam
2509 3682 2533 3719 ‚
2570 3627 2621 3704 fi
2649 3656 2731 3704 ex
2761 3658 2841 3705 eo
2868 3684 2894 3720 ,
2921 3637 3025 3707 cui
3055 3639 3230 3730 quic-
3257 3656 3279 3671 ·'

316 3743 476 3840 quid
507 3741 744 3817 accidit
777 3741 1010 3836 aliquid
1046 3739 1359 3837 fignificat
1370 3756 1395 3828 ,‘
1446 3761 1812 3832 quaereres:
1839 3759 2004 3806 num
2051 3731 2305 3831 signum
2343 3733 2469 3804 hoc
2496 3783 2519 3819 ‚
2544 3757 2626 3804 ex
2649 3734 3016 3824 institutione
3052 3737 3181 3808 Dei
3200 3789 3224 3825 ‚

315 3848 733 3918 Daemonum
788 3862 901 3914 aut
930 3833 1651 3932 hominum,fignifioet
1699 3837 1828 3907 hoc
1883 3832 2061 3929 quod
2111 3827 2467 3929 signifieare
2509 3833 2790 3904 dicitur:
2844 3854 2925 3902 an
2955 3858 3116 3907 vero
3143 3832 3225 3910 fit

319 3942 631 4017 naturalis
675 3944 839 4014 inter
897 3936 1160 4038 lignum
1191 3948 1476 4031 remque'
1501 3931 1928 4029 fignificatam
1973 3940 2250 4006 connexio
2283 3984 2307 4020 ‚
2351 3931 2553 4024 qualis
2611 3933 2781 4002 inter
2827 3929 3094 4026 cauffmn
3156 3937 3224 4009 sc

318 4045 599 4137 effetqum
625 4090 648 4125 ,
683 4042 959 4132 pluresve
999 4037 1367 4112 necessarios
1410 4040 1594 4121 unius
1637 4031 1849 4128 cauffae
1892 4033 2133 4124 qffeffls
2162 4027 2282 4104 effe
2337 4029 2542 4112 solet3
2587 4026 2852 4103 subtiles
2891 4031 3004 4105 has
3052 4033 3222 4107 dice-

324 4164 418 4218 ret
451 4136 578 4214 effe
605 4138 1039 4212 distinctiones
1064 4166 1085 4218 ;
1114 4137 1259 4209 satis
1300 4131 1419 4206 effe
1447 4182 1472 4221 ‚
1516 4127 1769 4227 lignum
1815 4131 1971 4204 illud
1999 4129 2158 4204 effe:
2187 4131 2377 4225 quale
2399 4126 2658 4226 signum
2682 4127 2802 4217 fit,
2840 4130 3219 4207 Doctorum

328 4242 391 4312 in
423 4237 657 4313 scholis
705 4238 823 4310 effe
891 4240 1229 4331 explicare.

518 4336 648 4410 Sed
680 4339 1013 4431 loquimur
1035 4338 1115 4409 de
1140 4337 1212 4406 iis
1235 4385 1258 4422 ‚
1293 4358 1446 4427 quae
1473 4334 1702 4402 natura
1723 4324 2077 4424 significare
2094 4325 2336 4420 aliquid
2351 4326 2658 4401 dicuntur
2677 4353 2705 4409 3
2735 4344 2814 4397 ut
2835 4350 2988 4398 cum
3012 4351 3225 4422 nuper

330 4436 653 4533 Impostor
667 4437 938 4530 quidam
953 4441 1020 4519 in
1045 4434 1256 4509 Gallia
1284 4433 1557 4526 jactaret
1586 4478 1610 4515 ‚
1659 4425 1726 4500 se
1754 4452 1881 4521 ope
1916 4427 2174 4523 virgula
2202 4423 2534 4515 cujusdam
2555 4427 2985 4511 divinatoriae,
3013 4428 3217 4518 fures,
3314 4440 3321 4446 ’

325 4536 654 4615 homicidas
680 4586 702 4621 ‚
739 4535 1004 4634 aliosque
1042 4535 1331 4629 maleficos
1377 4531 1638 4627 detegere
1653 4525 1847 4620 poffi:
1895 4550 2031 4598 non
2072 4520 2419 4596 defuerunt
2438 4570 2461 4607 ,
2499 4524 2616 4617 qui
2663 4520 2984 4592 naturales
3026 4523 3225 4612 hujus

318 4656 455 4713 tam
499 4632 819 4709 mirabilis
844 4638 938 4707 rei
962 4628 1195 4711 cauffas
1219 4652 1512 4725 quaerere
1554 4627 1703 4700 sunt
1757 4626 1975 4701 conati
2005 4676 2036 4716 ,
2076 4620 2263 4718 quod
2308 4622 2509 4725 quam
2562 4617 2829 4699 feliciter
2872 4612 3147 4725 fecerint
3178 4658 3222 4726 ⁹,

504 4739 599 4809 W
595 4728 886 4828 erenfelfii
938 4730 1231 4829 opuscula
1267 4731 1466 4804 Tom.
1494 4728 1580 4802 11.
1623 4730 1632 4739 '
2360 4714 2428 4791 R
3057 4707 3223 4797 judi-
