4188 5670
1196 328 1975 414 Enunrronl
2098 336 2374 443 Car.
2477 339 2569 416 V.
2973 338 3009 365 “
3205 340 3301 437 ’ςς

545 519 705 597 Huc
742 540 1010 616 quoque
1056 516 1217 592 illud
1264 515 1514 595 accedit
1570 518 2074 595 incommodum
2101 567 2126 604 ‚
2172 519 2355 613 quod
2406 514 2751 616 saepiffime
2784 521 2981 617 longe
3024 525 3282 613 melius,
3347 485 3434 623 ,fae
3454 482 3658 625 §Aug

348 622 518 720 <prid
580 616 700 715 ipfi
755 617 1089 693 vocabulis
1158 618 1594 713 intelligamus
1626 669 1651 706 ‚
1725 617 2193 715 cognoscamus
2240 667 2264 704 ‚
2317 643 2516 713 quam
2568 619 2787 694 verbis
2840 620 2909 691 id
2980 626 3298 719 explicare
3351 651 3488 725 quid
3513 645 3611 729 §pe

328 721 334 729 '
349 718 711 818 poffurnus.
799 718 1007 805 Qod
1054 712 1162 789 v‘el
1199 715 1735 810 eloquentiffimis
1791 717 2141 812 aliquando
2198 720 2515 812 contingit
2567 771 2591 807 ,
2661 720 2725 791 &
2773 719 3014 792 necefle
3088 722 3180 795 cst
3225 739 3305 795 ut
3352 728 3652 801 vocabulis.

330 820 703 912 'contingat
740 813 816 888 in
857 816 931 886 iis
990 813 1337 889 vocabulis
1389 818 1455 888 &
1504 813 1945 890 locutionibus
1964 866 1988 901 ‚
2041 840 2197 909 quae
2254 817 2677 911 cogitationes
2742 815 2989 890 nostras
3046 844 3300 892 earum-
3351 810 3635 890 ”mmcd-

350 942 492 1012 que
547 915 898 989 varietates
946 910 1315 1009 fignifioent
1362 961 1387 1000 ‚
1428 933 1626 1009 atque
1686 914 1756 984 in
1794 940 1799 947 ·
1843 913 2226 987 universum
2279 917 2504 989 omnia
2556 940 2632 989 ea
2682 967 2708 1005 ,
2767 939 2920 1008 quae
2977 943 3119 991 non
3162 938 3304 990 tam
3348 908 3689 1005 mf‘*’‘⁰8,“⁰‘

353 1015 499 1088 idea
516 1064 540 1101 ,
584 1032 665 1084 ut
708 1012 1000 1107 loquitur
1064 1009 1595 1106 Malebrancius,
1649 1037 1854 1107 quam
1888 1011 2071 1105 ftnsu
2145 1013 2434 1106 quodam
2495 1035 2693 1111 atque
2737 1012 3090 1105 conscientia
3138 1016 3306 1090 inter
3340 972 3680 1118 figxgm

358 1111 434 1187 se
478 1110 932 1191 discernimus.
2419 1134 2424 1139 ’
3392 1140 3438 1191 is
3454 1137 3694 1219 explica-2

3355 1236 3413 1276 re
3439 1218 3613 1300 poffia..

562 1306 710 1384 Scio
733 1360 760 1396 ‚
810 1309 969 1404 quid
1010 1305 1111 1381 stt
1176 1309 1345 1383 clare
1396 1335 1539 1386 rem
1600 1312 1971 1406 percipere3
2022 1310 2204 1403 quod
2257 1309 2325 1383 in
2398 1329 2620 1383 mente
2708 1309 2934 1383 lumen
2994 1311 3242 1383 oriatur
3280 1360 3305 1397 ‚
3356 1316 3501 1359 ’‘m'-

359 1431 525 1483 cum
574 1431 718 1480 rem
766 1405 860 1479 ita
916 1408 1205 1503 percipio
1233 1459 1261 1496 ‚
1310 1406 1516 1483 sentio
1562 1436 1581 1479 ε
1636 1408 1742 1480 sed
1796 1405 2034 1503 quibus
2099 1406 2314 1482 verbis
2373 1410 2439 1481 id
2491 1408 2674 1482 alteri
2737 1409 3056 1502 explicem
3102 1458 3126 1495 ,
3190 1410 3311 1480 vix
3359 1377 3692 1526 glejhgg‘ffi

356 1507 635 1600 reperio.
709 1506 860 1578 Scio
885 1557 909 1592 ‚
950 1505 1109 1599 quid
1157 1531 1343 1578 mens
1400 1532 1550 1580 mea
1611 1528 1804 1600 agat,
1858 1531 2009 1578 cum
2053 1507 2119 1578 id
2174 1509 2308 1601 agit
2331 1557 2355 1592 ,
2405 1507 2588 1599 quod
2640 1532 2764 1601 ego
2835 1507 3002 1579 velle
3062 1529 3235 1578 voco
3287 1534 3306 1577 ε
3358 1537 3535 1603 verit&

359 1601 417 1677 fi
470 1603 697 1690 alteri,
738 1604 897 1696 quid
940 1605 1069 1677 hoc
1130 1605 1300 1680 velle
1357 1603 1482 1694 fit,
1526 1605 1987 1700 explicandum
2036 1601 2185 1678 effer
2201 1656 2226 1692 ‚
2275 1607 2621 1677 haererem.
2702 1602 2894 1677 Novi
2944 1605 3145 1676 'aliter
3201 1629 3311 1676 me
3362 1618 3626 1695 Tom.3.·

361 1698 543 1774 affici
587 1724 747 1774 cum
806 1701 992 1775 dulce
1022 1752 1047 1789 ‚
1116 1704 1300 1776 aliter
1364 1729 1519 1776 cum
1566 1727 1864 1777 amarum
1926 1701 2154 1795 gusto:
2226 1700 2433 1775 sentio
2504 1700 2839 1774 discrimen
2875 1752 2904 1789 ,
2968 1726 3308 1796 nunquam
3354 1719 3496 1777 12⁰¹·
3529 1709 3674 1781 ¹67?

342 1800 512 1873 'haec
562 1797 959 1872 confundere
1050 1795 1278 1872 soleo:
1356 1800 1407 1875 fi
1437 1853 1462 1889 ‚
1527 1801 1864 1875 discrimen
1924 1801 2050 1872 hoc
2109 1801 2265 1892 quid
2321 1798 2402 1871 fit
2469 1846 2488 1877 2
2546 1824 2627 1873 ex
2687 1825 2797 1870 me
2855 1824 3257 1893 quaereretur
3279 1850 3305 1888 ,
3356 1783 3639 1918 ξ’ωἲῖᾖ*

340 1896 550 1992 'quod
608 1898 891 1969 dicerem
913 1944 936 1982 ‚
985 1921 1128 1968 non
1180 1897 1516 1973 haberem·
1613 1902 1715 1974 Ita
1767 1898 1961 1971 multi
2009 1897 2092 1970 de
2160 1898 2638 1992 pulchritudine
2682 1895 2925 1985 faciei,
2980 1899 3061 1970 de
3102 1896 3308 1975 aedifi-
3352 1869 3669 2006 5:222?ss

364 1997 633 2069 ciorum
679 1993 1106 2083 symmetria,
1150 1994 1232 2065 de
1283 1997 1586 2092 gestuum
1647 1996 2025 2085 venustate,
2079 1997 2164 2069 de
2214 2022 2341 2085 ec,
2398 1996 2580 2103 quod
2639 1996 2705 2068 in
2752 1994 3127 2070 actionibus
3175 1996 3309 2072 dio-
3507 2014 3510 2019 '
3663 1990 3686 2008 ’

372 2094 599 2184 risque
639 2091 870 2177 decet,
922 2092 1004 2164 de
1051 2091 1447 2185 picturarum
1517 2094 1801 2171 artificio
1848 2147 1873 2184 ‚
1922 2095 2003 2165 de
2060 2092 2528 2188 scripturarum
2578 2095 3035 2190 variarumque
3083 2120 3308 2170 rerum

348 2190 770 2280 'antiquitate
803 2240 830 2276 ‚
871 2189 952 2260 de
1000 2187 1308 2265 sonorum
1367 2193 1743 2269 diversitate
1794 2247 1818 2284 ,
1878 2193 1960 2265 de
2007 2193 2192 2266 vocis
2260 2196 2326 2266 ἃ
2381 2208 2733 2265 concentus
2799 2191 3117 2266 suavitate
3141 2245 3168 2281 ,
3214 2194 3308 2267 de

362 2286 769 2358 chordarum
818 2288 1152 2361 harmonia
1180 2341 1204 2377 ‚
1263 2293 1347 2363 de
1392 2292 1519 2365 stili
1579 2296 1906 2367 varietate
1956 2291 2252 2384 judicant
2295 2341 2319 2379 ,
2368 2294 2433 2364 ἃ
2476 2290 2710 2373 eodem
2756 2290 2964 2365 modo
3013 2290 3307 2364 constan·-

352 2390 467 2456 ’τρε
499 2383 843 2476 judicant,
892 2387 1072 2460 alteri
1158 2389 1381 2479 judicii
1441 2391 1537 2463 sui
1624 2394 1950 2465 rationem
2016 2388 2284 2464 reddere
2347 2415 2481 2464 non
2559 2387 2829 2485 poffent.
2940 2386 3172 2461 Caufl'a
3234 2389 3308 2461 in
3363 2397 3370 2406 '

362 2504 685 2577 promptu
732 2482 823 2552 est
852 2534 877 2567 ‚
927 2486 1078 2575 quia
1149 2512 1285 2559 non
1356 2507 1499 2560 tam
1547 2488 1838 2579 judicant
1899 2512 1983 2559 ex
2037 2488 2273 2584 regulis
2338 2483 2728 2581 quibusdam
2791 2490 2856 2558 &
2906 2486 3302 2580 principiis,
3409 2556 3412 2559 .

363 2605 574 2675 quam
627 2604 711 2650 ex
768 2582 886 2652 suo
937 2582 1021 2653 de
1066 2584 1162 2652 his
1218 2582 1415 2656 rebus
1475 2585 1679 2660 sensu.
1800 2588 2005 2661 Aliter
2053 2611 2290 2660 eorum
2363 2585 2619 2657 animus
2660 2579 2948 2655 afficitur
2991 2608 3146 2656 cum
3213 2580 3310 2658 ffi-

368 2682 544 2752 ciem
592 2678 930 2771 pulchram
965 2729 993 2766 ‚
1037 2682 1220 2751 aliter
1255 2708 1410 2756 cum
1464 2684 1836 2758 deformem
1872 2712 1897 2765 ‚⁶
1966 2683 2151 2756 aliter
2202 2707 2380 2781 ‚cum
2425 2680 2636 2774 gestus
2687 2680 2995 2765 venustos
3036 2733 3063 2770 ,
3122 2682 3312 2756 aliter

366 2800 527 2849 cum
574 2776 946 2849 inconditos
1023 2781 1257 2849 vident
1281 2808 1300 2846 .-
1349 2782 1529 2853 aliter
1589 2807 1745 2853 cum
1809 2780 2089 2853 chordas
2146 2776 2575 2852 consonantes
2595 2827 2620 2865 ‚
2671 2777 2854 2851 aliter
2910 2802 3079 2851 cum‘
3126 2776 3312 2853 diffo-

368 2893 601 3045 nhagtqs
663 2875 977 2948 audiunt:
1038 2876 1224 2948 aliter
1274 2900 1429 2950 cum
1468 2877 1828 2976 Epistulam
1879 2878 2213 2954 Ciceronis
2269 2926 2297 2966 ‚
2348 2874 2531 2950 aliter
2581 2899 2736 2949 cum
2814 2876 3034 2950 Planci
3074 2873 3306 2974 episto·

308 2985 327 2996 “’
577 2993 798 3072 egunt.

574 3169 683 3242 Ita
725 3170 889 3265 saepe
925 3173 1146 3248 audivi
1169 3225 1197 3263 ,
1241 3176 1659 3266 Antiquarios
1687 3229 1711 3260 ,
1762 3205 1935 3273 quos
1991 3196 2243 3253 vocant
2288 3227 2313 3265 ,
2365 3172 2759 3248 numilinata
2812 3197 2973 3245 vere
3035 3169 3308 3264 antiqua

372 3265 425 3340 ‘a
469 3263 883 3363 supposititiis
926 3296 1123 3367 atque
1178 3275 1550 3347 adulterinis
1602 3274 2078 3348 accuratiffime
2138 3277 2407 3369 quidem
2461 3271 2853 3363 distinguere
2897 3294 2924 3337 ι
2963 3266 3311 3378 sententiae

368 3391 543 3440 vero
586 3364 729 3442 suae
775 3368 1097 3443 rationem
1142 3372 1406 3444 reddere
1456 3398 1594 3443 non
1622 3372 1902 3466 (semper
1955 3369 2156 3465 poffe.
2278 3365 2486 3455 Qud
2547 3368 2709 3436 mihi
2787 3390 2994 3460 nuper
3063 3360 3311 3437 confir*-

368 3466 637 3638 ’Ξὲἱνὶῑο
688 3469 806 3542 Vir
851 3469 1093 3543 harum
1155 3494 1377 3542 rerum
1428 3465 1848 3564 peritiffimus
1895 3520 1923 3557 ,
1966 3469 2152 3559 cujus
2209 3490 2335 3559 ego
2398 3463 2656 3556 quoties
2727 3463 2924 3536 video
2992 3461 3309 3540 cimeliar-

492 3585 605 3634 um
622 3613 649 3651 ‚
1212 3605 1217 3610 2
1704 3638 1713 3642 ,

770 3665 1069 3759 Aufhnias
1112 3694 1229 3740 non
1277 3672 1469 3739 miror
1515 3689 1641 3760 opes
1685 3663 2025 3765 Grajafique
2040 3693 2067 3748 ‚·
2097 3660 2219 3754 fid
2252 3660 2436 3734 illum
2534 3762 2538 3766 ‚

774 3771 904 3862 Qi
952 3783 1047 3838 tot
1092 3789 1217 3860 opes
1256 3764 1434 3857 capsis
1455 3816 1480 3853 ‚
1544 3767 1797 3854 majores
1846 3766 2071 3859 pedlore
2098 3761 2340 3854 servat.
2783 3795 2844 3906 j

2724 3905 2780 3947 θ’

373 3956 489 4033 Ex
540 3957 667 4032 hoc
715 3957 992 4055 quaesivi
1031 3961 1383 4056 aliquando
1404 4011 1427 4045 ‚
1470 3961 1650 4033 unde
1705 3961 2110 4038 deducantur
2183 3958 2291 4029 illa
2340 3957 2762 4052 gnorismata⁸
2781 4003 2807 4041 ‚
2849 3949 3088 4049 quibus
3126 3957 3311 4032 Anti·

374 4058 653 4152 quitatis
701 4060 891 4156 periti
913 4109 937 4146 ,
991 4062 1384 4132 numismata
1433 4061 1701 4153 antiqua
1732 4112 1761 4149 ,
1808 4065 1844 4131 a
1872 4053 2343 4134 recentioribus
2370 4106 2395 4143 ‚
2444 4073 2565 4128 aut
2607 4054 2915 4150 suspectae
2964 4056 3314 4149 antiquita-

372 4155 493 4242 ris,
516 4173 659 4228 tam
703 4178 891 4230 acute
946 4157 1305 4230 discernere
1370 4177 1633 4245 queant.
1740 4160 1871 4232 Hic
1927 4160 2071 4229 ille:
2118 4156 2255 4227 Vix
2308 4150 2569 4248 poffunt
2599 4198 2620 4226 ,
2665 4153 2879 4247 inquit
2929 4203 2953 4239 ,
3014 4154 3160 4226 haec
3212 4179 3314 4228 re-

378 4255 555 4345 gulis
599 4258 1089 4350 comprehendi.
1210 4258 1626 4349 Praecipuum
1678 4258 1785 4329 hic
1835 4257 1926 4328 'est
1973 4255 2136 4327 illud
2185 4251 2398 4326 nescio
2442 4250 2603 4346 quid
2644 4302 2672 4340 ,
2734 4250 2920 4344 quod
2969 4250 3149 4321 Galli
3199 4255 3313 4326 ha-

390 4374 543 4422 rum
576 4353 1048 4448 elegantiarum
1104 4352 1367 4427 studiofi
1401 4354 1662 4447 gustum
1707 4355 2108 4448 antiquitatis
2169 4351 2499 4445 appellant
2518 4400 2548 4437 ,
2603 4372 2802 4444 quem
2842 4350 2888 4419 ii
2925 4398 2951 4436 ,
3017 4349 3133 4437 qui
3167 4350 3323 4422 haec

394 4444 640 4522 affidue
702 4457 987 4526 tractant
1004 4504 1029 4540 ,
1078 4456 1408 4548 acquirere
1468 4453 1699 4525 solent.
1836 4452 1978 4540 Qi
2031 4450 2297 4545 quidem
2344 4446 2569 4543 gustus
2618 4448 2688 4517 in
2735 4446 2914 4517 nulla
2986 4443 3111 4513 alia
3152 4444 3324 4516 mihi

381 4571 464 4618 te
506 4545 843 4623 consistere
898 4552 1199 4640 videtur,
1252 4577 1454 4646 quam
1514 4552 1711 4647 quod·
1736 4551 1917 4623 aliter
1960 4547 2326 4641 Antiquarii
2367 4543 2508 4618 viso
2560 4545 2834 4634 antiquo
2890 4555 3173 4642 nunt-mo
3203 4585 3232 4624 ,
3255 4561 3328 4609 a·

376 4644 537 4718 liter
612 4647 759 4720 viso
817 4651 1158 4722 recentiori
1225 4652 1305 4722 ad
1359 4651 1495 4741 ejus
1555 4647 2042 4724 similitudinem
2081 4641 2308 4720 efficto
2350 4693 2376 4733 ‚
2446 4640 2809 4721 constanter
2890 4631 3278 4707 afficiantur
3303 4679 3334 4720 ,

369 4741 656 4856 ‘tametsi
708 4747 917 4841 hujus
961 4745 1175 4822 sensus
1213 4747 1563 4825 discrimen
1619 4748 1839 4842 eloqui
1884 4769 2022 4826 non
2062 4739 2337 4843 poffint,
3223 4726 3344 4814 ΕΒ
