4188 5670
845 398 1042 484 55³
1764 387 2808 477 ‚Fasozcutus

882 500 889 505 ²
2113 508 2584 629 ecxm.

2111 722 2120 729 ·
2294 715 2391 781 In

878 834 1450 976 Venerabili&
1554 859 3857 1006 SenisJoH.LUDOV1C1

961 1019 1041 1097 T
1057 1022 1135 1099 R
1157 1022 1233 1096 Ο
1260 1021 1333 1095 N
1356 1018 1423 1095 C
1447 1018 1526 1094 H
1554 1021 1580 1095 1
1605 1021 1680 1094 N
1708 1022 1783 1108 l,
1848 1040 2159 1099 mortem
2185 1019 2578 1128 placidam
2611 1020 3001 1126 omnisque
3050 1013 3333 1097 doloris
3354 1029 3752 1120 expertem.

1143 1185 1311 1294 Qi
1326 1182 1539 1271 zelo
1584 1184 1912 1289 filiam,
1976 1187 2278 1294 pietate
2338 1188 2688 1296 aequavit
2733 1185 3213 1276 Enochum‚

1380 1299 1754 1382 Tandem
1787 1328 1930 1412 par
1978 1301 2148 1387 fato
2208 1303 2453 1386 factus
2502 1306 2825 1413 utrique
2867 1301 3013 1383 suo
3078 1298 3208 1384 est.

1145 1419 1356 1502 Coeli
1398 1417 1723 1500 delicias
1765 1419 1967 1500 adiit
2007 1479 2030 1515 ,
2098 1450 2272 1528 non
2311 1445 2689 1515 mortuus
2731 1441 2962 1502 ante:

1184 1640 1193 1649 ί
1229 1604 1247 1635 .,
1290 1540 1333 1549 ”
1373 1543 1698 1648 Nempe
1737 1540 1955 1622 mori
1992 1567 2163 1624 non
2207 1541 2363 1636 est,
2430 1539 2727 1650 absque
2770 1536 3061 1624 dolore
3095 1529 3341 1620 mori.

2134 1749 2203 1825 C
2238 1750 2305 1828 C
2337 1747 2494 1831 XI
2523 1751 2624 1832 V.

2135 1924 2228 1988 ln
2265 1907 2555 1997 obitum

881 2065 1121 2176 Rev.
1208 2069 2218 2201 SAMUELIS
2380 2048 3223 2178 GRYNAEI‚
3307 2044 3827 2203 Consbrim

1512 2272 1519 2277 -
1596 2216 1778 2322 Past-
1822 2213 1917 2308 ἀ
1960 2220 2259 2300 Decani
2309 2208 2809 2322 Waldcnberg.
2874 2214 3118 2322 capit.

1147 2390 1313 2479 Te,
1376 2386 1773 2469 Garum
1802 2410 1918 2477 E,
1991 2384 2238 2466 etiam
2292 2382 2713 2467 sociorum
2752 2387 3021 2494 prime
3056 2405 3508 2476 meorum,

1415 2505 1541 2583 Te
1579 2503 1792 2585 mihi
1841 2519 2010 2584 tam
2048 2499 2320 2587 subito
2363 2530 2583 2586 mors
2637 2506 2972 2612 inopina
3025 2501 3295 2611 rapit
3275 2510 3291 2563 ¹

1150 2620 1511 2705 Prudens
1551 2619 2013 2729 simplicitas
2052 2678 2081 2715 ,
2139 2649 2525 2734 germana
2559 2620 2956 2704 modestia
2983 2676 3006 2711 ,
3037 2616 3443 2705 ·constam

1424 2742 1641 2821 Pacis
1679 2763 1935 2824 amor,
1957 2757 2233 2821 tecum
2286 2739 2840 2822 contumulata
2888 2741 3175 2842 jacent.

1151 2864 1325 2942 Nos
1363 2861 1722 2967 primum
1763 2858 2078 2970 sanguis
2116 2915 2140 2952 ‚
2206 2858 2553 2941 biffenos
2609 2862 2975 2962 junxerat
3028 2883 3286 2938 annos

1426 2982 1616 3059 Una
1651 2974 1945 3057 domus
1969 3030 1991 3068 ‚
2053 2979 2372 3082 penitus
2407 2975 2733 3086 pcdiora
2769 2977 3037 3081 junxit
3071 2984 3344 3057 amori

1149 3092 1395 3176 Instar
1434 3091 1690 3174 fratris
1746 3119 1960 3184 ema,
2023 3095 2280 3200 proh!
2344 3122 2658 3176 nomen
2708 3094 3054 3176 amabile
3097 3090 3358 3174 fratris

1422 3217 1618 3292 Nou
1661 3206 1836 3291 satis
1880 3207 1988 3289 est
2016 3267 2038 3301 ‚
2102 3211 2535 3319 plusquam
2569 3213 2816 3294 frater
2875 3235 3182 3295 amatus
3221 3236 3415 3318 eras.

1150 3333 1517 3413 Unax'nos
1583 3326 1860 3411 studiis
1908 3324 2330 3423 dedimus,
2395 3330 2894 3439 profecimus
2948 3357 3103 3412 uua
3137 3388 3182 3427 ,-

1425 3445 1691 3556 Usque
1730 3443 1875 3527 'suo
1919 3448 2238 3528 Samuel
2285 3474 2472 3529 cum
2520 3450 2887 3530 Samuele
2935 3448 3112 3530 fuit.

1156 3568 1291 3647 Sic
1330 3590 1691 3677 coeptum
1745 3562 1788 3645 ὲ
1828 3567 2122 3646 teneris
2175 3564 2477 3645 labenti
2520 3592 2875 3651 creverat
2911 3592 3084 3648 aevo

1424 3683 1711 3765 Foedus
1750 3685 2160 3764 Amicitia?
2199 3711 2229 3780 3
2292 3707 2944 3795 perpetuumque
2998 3685 3211 3770 foret
3257 3742 3281 3781 ,

1154 3806 1326 3887 Ni,
1393 3801 1623 3910 quod
1665 3801 1780 3883 nil
1833 3822 2207 3909 poterat,
2275 3802 2604 3884 tandem
2660 3831 2880 3888 mors
2921 3803 3145 3886 causa
3188 3802 3457 3890 fuisset
3499 3819 3535 3905 ,“

1427 3915 1686 4001 Firma
1724 3917 1931 3999 adeo
1989 3922 2292 4001 immiti
2330 3947 2732 4026 rumpere
2749 3922 3009 4008 vincla
3044 3952 3315 4006 manu.

1155 4032 1432 4128 Eheu,
1499 4061 1643 4114 cur
1691 4061 1989 4132 porm,
2056 4033 2573 4129 Chariffimc‚
2637 4042 2912 4121 vivere
2952 4066 3255 4153 cogor,

1430 4149 1647 4232 Cum
1693 4154 1898 4253 jacet
1940 4151 2328 4235 exanimis
2378 4157 2654 4262 portio
2699 4181 2911 4242 tanta
2947 4160 3166 4250 mei?

1161 4274 1290 4355 Nc
1345 4267 1798 4377 quidquam
1843 4269 2030 4352 tales
2083 4270 2469 4357 divellere
2522 4275 2780 4410 posset
2818 4279 3185 4373 amicos,

1429 4387 1854 4478 chebam
1891 4393 2190 4501 pariter
2229 4405 2306 4474 'tc
2354 4395 2759 4478 moriente
2797 4398 3037 4477 mori.
3097 4466 3102 4472 .

3410 4703 3824 4790 CCXV.
