4188 5670
944 362 1092 434 250
1622 340 1758 415 De
1856 341 2454 417 stoan-ru
2557 338 3213 413 A'rumsnum

937 520 1270 597 honestate
1298 572 1322 609 ,
1370 524 1436 593 &
1476 518 1882 612 turpitudine
1923 519 2327 613 loquentes?
2369 516 2595 603 Quare
2642 513 2897 603 smnma
2931 514 3060 589 fuit
3081 513 3328 587 insania
3371 514 3442 585 in
3471 518 3655 587 Lucio
3702 514 3860 619 illoj

938 639 1067 711 vam:
1112 644 1188 692 ut
1234 619 1295 690 se
1347 623 1615 690 vocavit
1680 620 1855 709 Julio
1911 617 2149 709 Caesare
2206 621 2435 694 Vanino
2458 661 2485 698 ‚
2536 617 2652 705 qui
2719 613 2975 699 Tholofie
3037 610 3416 699 combustus
3461 612 3860 706 impietatem

933 714 1116 790 sua'm
1158 718 1240 788 ad
1289 737 1660 787 extremum
1702 717 1864 795 vitae
1908 718 2186 791 halitum
2244 707 2637 786 conservasse
2665 806 2670 811 ι
2694 712 2947 786 dicitur.
3042 714 3176 813 Aut
3222 705 3399 783 enim
3465 710 3628 796 hoc,
3682 712 3856 809 quod

928 811 1236 910 professus
1275 812 1388 898 est,
1443 811 1734 893 credidis
1760 811 2335 899 autfnoncredidit.
2380 811 2448 883 Si
2484 833 2622 882 non
2637 811 3088 909 credidiuquae
3113 804 3606 894 infaniafiiiffet,
3626 806 3713 879 ab
3728 812 3858 882 aliis

927 910 992 985 se
1017 910 1462 1005 distinguendo
1482 911 1552 982 in
1577 931 1840 985 tantum
1856 909 1916 984 se
1937 912 2296 1006 periculum
2314 907 2646 999 conjicere.
2676 909 2749 981 Si
2764 908 3028 981 credidit
3045 960 3068 995 ‚
3092 907 3250 1003 quid
3272 903 3486 1000 ipsum
3505 907 3857 1007 impedivit}

928 1007 1022 1082 set
1044 1061 1067 1096 ,
1115 1011 1512 1081 contrarium
1569 1012 1829 1082 mentiti
1883 1014 1949 1083 &
1998 1008 2298 1081 fimulare
2332 1007 2366 1077 :²
2392 1007 2692 1091 Gloriam
2723 1003 3098 1079 fi'nceritatis
3146 1007 3210 1076 &
3245 1002 3622 1076 constantiae
3648 1031 3858 1098 repor.

924 1126 1077 1201 tare·
1100 1107 1331 1185 voluit.
1367 1103 1573 1197 Qafi
1623 1109 1862 1200 aliquid
1915 1112 2084 1181 inter
2141 1103 2571 1180 sinceritatem
2623 1107 2689 1176 8c
2723 1102 3057 1190 fraudem,
3127 1101 3552 1178 constantiam
3607 1105 3674 1174 &
3712 1105 3855 1175 levi-

922 1227 1128 1280 tatem
1173 1206 1494 1278 intereffet
1516 1256 1539 1291 ,
1597 1203 1646 1276 fi
1694 1207 1877 1278 Deus
1929 1232 2068 1279 non
2119 1203 2289 1278 effet.
2372 1199 2579 1290 Qafi
2634 1200 2721 1273 ab
2777 1204 2970 1275 atheo
3029 1200 3208 1274 fraus
3269 1201 3440 1271 utilis
3473 1200 3842 1291 perniciosae

924 1304 1208 1387 veritati,
1247 1304 1478 1375 levitas
1515 1304 1688 1374 utilis
1728 1302 2065 1377 damnosae
2102 1302 2482 1377 constantiae
2505 1344 2524 1374 ,
2573 1325 2710 1371 non
2769 1297 2849 1372 fit
2905 1298 3330 1394 pracferenda.
3427 1299 3686 1370 Omnes
3733 1301 3843 1370 vir.

920 1416 1094 1477 tutes
1124 1401 1446 1494 religionis
1485 1398 1634 1472 sunt
1673 1402 2107 1488 consectaria,
2155 1425 2360 1495 quam
2399 1399 2512 1491 qui
2554 1397 3005 1470 dedidicerant
3029 1447 3054 1484 ,
3101 1395 3151 1468 fi
3186 1393 3648 1489 consequenter
3675 1421 3849 1493 agere

921 1501 1162 1583 velint,
1195 1500 1515 1570 virtutem
1554 1524 1818 1592 quoque
1865 1502 1929 1572 &
1977 1502 2301 1573 vitiorum
2344 1495 2682 1569 discrimen
2737 1495 3065 1570 dediscant
3115 1492 3355 1569 neceffe
3407 1493 3514 1567 est.

1110 1689 1201 1759 At
1254 1710 1415 1757 vero
1485 1680 1535 1755 fi
1582 1686 1860 1759 stultum
1904 1687 2033 1760 est,
2086 1687 2478 1760 atheifinum
2520 1683 2643 1758 fibi
2698 1686 3081 1783 persuadere
3129 1686 3339 1767 velle3
3391 1687 3646 1761 stultius
3697 1715 3840 1766 eum

919 1785 1095 1880 'apud
1137 1783 1295 1857 alios
1322 1808 1462 1878 prae
1510 1781 1573 1855 se
1624 1784 1790 1858 ferte
1820 1789 1886 1858 δε
1931 1781 2273 1880 profiteri3
2326 1780 2772 1856 stultiffimum
2816 1785 2909 1857 est
2935 1836 2958 1872 ‚
3026 1781 3077 1856 fi
3109 1787 3252 1878 quis
3291 1787 3680 1859 atheismum
3721 1790 3839 1863 aliis

916 1883 1218 1955 instillare
1239 1933 1262 1968 ,
1316 1900 1434 1954 aut
1486 1881 1864 1976 persuadere
1893 1907 2188 1957 conatur.
2274 1880 2582 1956 Excusari
2619 1885 2839 1976 aliquo
2876 1883 3080 1956 modo
3114 1881 3372 1976 poffunt
3397 1935 3421 1972 ‚
3476 1888 3591 1978 qui
3620 1888 3685 1957 in
3715 1889 3833 1959 aliis

916 1978 1337 2075 opinionibus
1389 1979 1728 2075 discipulos
1793 1985 1857 2053 &
1900 1981 2244 2054 sectatores
2291 1999 2617 2075 quaerunt.
2705 1982 2831 2056 Sed
2881 1983 2951 2052 in
3000 1983 3172 2053 athei
3197 1980 3314 2081 juo
3360 1983 3520 2054 tales
3564 2009 3832 2078 quaerere

914 2077 1177 2172 prorsus
1229 2076 1524 2150 insanum
1569 2079 1677 2149 est.
1755 2080 1939 2151 Nam
1980 2097 2421 2172 praeterquam
2446 2128 2473 2166 ‚
2551 2080 2732 2173 quod
2771 2081 2900 2150 hoc
2944 2075 3407 2151 difficillimum
3427 2077 3548 2167 Γπ,
3584 2086 3649 2154 &
3700 2108 3830 2155 cum

913 2175 1175 2249 summo
1226 2176 1513 2268 periculo
1550 2178 2023 2267 conjunctunu
2073 2175 2405 2271 fingamus
2469 2177 2670 2248 talem
2715 2179 3064 2269 impietatis
3111 2177 3489 2271 magistrum
3515 2230 3536 2265 ‚
3610 2183 3829 2253 multos

916 2273 1256 2366 discipulos
1300 2276 1365 2344 &
1408 2271 1752 2345 sectatores
1784 2277 2120 2354 invenire3
2165 2274 2493 2368 fingamus
2522 2298 2787 2346 omnem
2817 2276 3135 2368 populum
3176 2273 3292 2368 ipfi
3328 2274 3621 2349 affentiri.
3661 2281 3826 2352 Num

916 2368 1160 2443 felicior
1240 2374 1361 2442 erit
1410 2375 1474 2443 &
1543 2374 1750 2444 tutior
1801 2372 1967 2443 inter
2014 2371 2355 2463 discipulos
2428 2369 2575 2441 suos
2633 2422 2660 2456 ‚
2713 2374 2880 2443 inter
2925 2390 3032 2443 tot
3090 2373 3320 2445 atheos
3349 2425 3372 2461 ‚
3431 2400 3629 2466 quam
3681 2379 3822 2449 inter

910 2469 1217 2541 homines
1266 2470 1409 2561 pios
1456 2472 1520 2541 &
1563 2471 1786 2541 Deum
1828 2472 2129 2541 timentes
2150 2468 2185 2538 :²
2232 2469 2423 2541 Num
2480 2493 2714 2539 eorum
2765 2467 3005 2554 verbiS,
3051 2468 3375 2564 promiffis
3398 2472 3825 2564 ‚juramentis,

914 2567 1151 2639 melius
1202 2563 1403 2638 fidere
1454 2569 1741 2661 poterit?
1795 2569 1985 2640 Num
2009 2619 2032 2655 ,
2087 2568 2271 2659 quod
2321 2565 2440 2637 fibi
2471 2565 2869 2639 catiffimum
2917 2566 3007 2641 est
3030 2619 3053 2654 ‚
3087 2570 3292 2640 tutius
3320 2570 3495 2665 apud
3528 2569 3693 2662 ipsos
3727 2574 3826 2643 de-

916 2663 1177 2755 ponet?
1230 2666 1422 2736 Num
1477 2669 1546 2737 in
1586 2665 1939 2753 familiam,
2006 2669 2076 2739 in
2119 2665 2519 2739 consortium
2543 2714 2567 2752 ,
2626 2669 2691 2737 in
2745 2667 3096 2738 amicitiam
3158 2664 3437 2740 securius
3477 2667 3818 2741 admittet?

916 2762 1108 2835 Num
1158 2764 1376 2834 minus
1443 2783 1695 2838 metuet
1742 2789 1975 2838 eorum
2028 2765 2322 2858 linguaS,
2366 2788 2602 2838 manus
2625 2766 2947 2862 ,pocula,
2990 2764 3219 2853 cultra,
3244 2765 3815 2863 pugiones?·Num

918 2858 1011 2926 iis·
1042 2861 1307 2952 stipatus
1358 2866 1762 2957 tranquillius
1820 2865 2109 2938 dormiet
2136 2863 2172 2936 :²
3466 2879 3472 2885 ’
3541 2881 3546 2886 ’

1008 3144 1023 3160 ·
1108 3050 1213 3119 An
1261 3075 1398 3122 non
1456 3058 1780 3129 contraria
1817 3059 2041 3130 omnia
2105 3084 2267 3131 vero
2324 3058 2528 3132 sunt?
2582 3060 2688 3132 An
2735 3084 2871 3132 non
2920 3061 2973 3134 is
3030 3088 3289 3153 omnes,
3331 3073 3499 3159 quos
3527 3067 3714 3140 omni
3740 3086 3824 3137 re-

915 3144 1168 3238 ligionis
1193 3150 1257 3221 δε
1280 3152 1566 3222 numinis
1586 3152 2125 3252 metublibemvit²
2150 3155 2361 3228 hostes
2387 3154 2508 3229 fibi
2540 3155 2753 3230 fecie?
2809 3162 2916 3231 An
2961 3186 3098 3234 non
3133 3188 3243 3235 eos
3271 3163 3499 3236 docuit
3534 3217 3558 3253 ,
3611 3187 3823 3258 quem·

913 3241 1075 3316 libet
1120 3247 1495 3334 hominem,
1546 3254 1745 3325 etiam
1788 3253 2270 3346 Praeceptorem
2310 3252 2539 3342 suum,
2601 3259 2741 3326 imo
2789 3258 2964 3329 hunc
3005 3280 3156 3332 ante
3209 3260 3405 3347 alioS,
3459 3259 3505 3332 fi
3559 3261 3824 3355 impuni-

896 3359 1013 3448 itas
1060 3338 1293 3438 sperari
1336 3347 1584 3442 potest,
1624 3354 1690 3425 ὃς
1728 3377 1966 3446 magna
1998 3354 2240 3428 utilitas
2263 3387 2288 3439 ·‚
2339 3353 2602 3440 fallere,
2653 3353 2963 3448 spoliare,
3016 3358 3298 3447 laedere,
3335 3357 3676 3445 infamare,
3715 3382 3820 3429 ve-

910 3462 1110 3530 xare,
1140 3464 1447 3615 tor-gnere
1476 3497 1501 3534 ‚
1559 3449 1906 3525 occidere?
1949 3451 2056 3523 An
2106 3477 2244 3525 non
2292 3476 2403 3523 eos
2452 3453 2726 3544 docuit,
2775 3455 3151 3545 civitatem,
3198 3458 3266 3527 in
3311 3482 3440 3550 qua
3486 3456 3818 3551 tranquille

912 3537 1126 3626 vivit,
1169 3543 1232 3614 di
1285 3545 1501 3618 olvere
1520 3597 1546 3633 ,
1607 3548 1776 3644 leges
1822 3549 1964 3643 ejus
2010 3574 2240 3624 omnes
2293 3553 2664 3626 conculcare
2684 3601 2711 3637 ,
2769 3552 3173 3646 magistratus
3201 3554 3439 3650 jugum
3489 3579 3811 3644 excutere,

913 3635 1137 3716 ,Omnia
1160 3638 1409 3716 sursum
1438 3643 1741 3732 deorsum
1780 3668 2032 3720 vertere
2053 3651 2101 3720 ?

1102 3791 1287 3864 Nihil
1326 3793 1417 3866 est
1459 3793 1639 3886 quod
1684 3805 1766 3863 ex
1808 3797 1937 3870 hoc
1983 3794 2046 3868 a*
2069 3799 2391 3894 discipulis
2441 3801 2867 3884 emolumenti
2893 3807 3133 3879 atheus
3159 3803 3407 3900 sperare
3444 3809 3681 3901 potest,
3719 3811 3782 3880 ni

804 3967 812 3984 ¹
890 3881 964 3955 ·fi
1010 3890 1340 3980 quandam
1390 3889 1718 3984 sapientiae
1755 3893 1818 3964 sc
1865 3895 2108 3988 ingenii
2147 3899 2463 3987 gloriarm
2511 3901 2580 3970 dt
2617 3895 2789 3971 forte
2816 3953 2842 3989 ‚
2871 3923 2971 3977 ·ut
3001 3902 3310 3997 qudsdam
3341 3905 3632 3980 inveniat
3659 3912 3816 3982 inter

910 4007 1025 4060 eos
1073 3982 1377 4058 scelerum
1432 3988 1760 4077 adjutores
1811 3995 1875 4063 &
1920 3992 2144 4065 socios.
2238 3995 2363 4065 Sed
2401 3995 2581 4068 nulla
2636 3996 2704 4068 in
2741 4023 2817 4070 re
2864 4004 3088 4097 gloriae
3136 4004 3373 4098 cupido
3419 4007 3619 4100 magis
3655 4031 3815 4079 vana

896 4079 1048 4167 test,
1092 4106 1292 4177 quam
1332 4085 1480 4170 hic,
1542 4081 1662 4157 ubi
1712 4111 1848 4161 non
1905 4086 2024 4162 nisi
2070 4085 2354 4187 peffimis
2401 4092 2650 4186 placere
2683 4096 2983 4173 homines
3035 4099 3331 4189 student,
3378 4126 3533 4174 cum
3575 4103 3815 4178 summa

884 4177 1203 4269 'infamial
1226 4183 1401 4275 apud
1441 4205 1669 4260 omnes
1724 4181 1980 4271 bonos3
2035 4192 2173 4264 imo
2227 4213 2378 4264 cum
2433 4189 2691 4312 summo
2738 4200 3046 4288 periculo.

886 4387 899 4416 2
1006 4385 1049 4394 .-
1107 4333 1311 4422 Qud
1356 4361 1515 4412 vero
1546 4303 1641 4414 *ad
1686 4319 2274 4428 alterum-attinet,
2321 4342 2481 4416 nulli
2519 4345 2990 4439 magis‘inimiei
3034 4349 3378 4426 hominum
3405 4352 3595 4441 (bnt,
3623 4373 3816 4448 quam

874 4503 889 4528 ¹
908 4431 1186 4540 §iffi-§³9⁸
1230 4432 1300 4513 in
1348 4432 1687 4516 sceleribus
1728 4439 2044 4530 adjuvant
2070 4471 2101 4524 ‚-
2143 4461 2583 4535 praetetquam
2635 4445 2856 4530 enim,
2914 4449 3096 4540 quod
3141 4451 3270 4524 hoc
3293 4450 3504 4542 ipsum
3530 4452 3672 4543 jam
3710 4453 3820 4521 ini-

868 4529 1081 4626 „41259i1
1112 4530 1257 4620 est,
1290 4537 1575 4614 amicum
1630 4538 1670 4612 ὲ
1716 4536 1948 4614 scelere
1992 4566 2164 4614 non,
2191 4539 2560 4620 retrahere3
2613 4545 2956 4659 quomodo
2994 4545 3240 4670 sperare
3277 4549 3503 4640 potest
3543 4551 3822 4718 ειΙίἓὲιιὶιεηῖ
