4188 5670
1224 271 2425 357 Hanmznnurtcae.
3102 310 3232 381 333

330 460 726 535 maticarum
776 478 893 532 aut
942 452 1575 549 metaphysicarum3
1624 455 1807 550 quod
1868 459 2194 555 Theologi
2241 460 2432 535 multi
2476 476 2700 537 tamen
2765 492 3046 565 negant,
3101 478 3237 549 imo

266 573 279 580 “
352 561 808 656 certitudinem
870 555 1028 631 fidei
1084 552 1378 631 statuunt
1408 558 1594 629 omni
1630 558 1734 630 a1i1
1769 553 1887 629 effe
1928 564 2475 655 anteponendam.
2543 565 2670 637 Sed
2711 567 2815 648 hic
2847 571 3243 668 distinguen-

240 665 251 674 ’
349 666 465 738 dae
504 660 655 733 sunt
706 657 1116 755 quaestiones.
1160 659 1299 731 Aut
1343 659 1520 729 enim
1564 655 1881 751 quaeritur
1907 710 1931 745 ,
1986 685 2152 732 num
2197 663 2511 756 dogmata
2560 660 2716 734 fidei
2762 667 2831 736 in
2874 667 2937 739 se
2965 688 3101 742 tam
3133 698 3246 744 ve-

347 787 431 836 ra
471 757 636 847 fiat,
683 784 761 833 ac
791 754 1270 853 propofitiones
1308 757 1853 834 mathematicae?
1917 757 2020 830 Ad
2082 760 2266 854 quod
2327 758 2727 854 respondeo,
2783 790 3013 839 omnes
3059 795 3248 842 veras

348 856 835 957 propofitiones
875 882 1300 952 aeque-veras
1348 853 1467 928 effe
1504 906 1531 943 ,
1617 879 1831 949 neque
1871 881 2111 929 verum
2151 859 2328 931 aliud
2391 860 2520 933 alio
2567 857 2689 933 effe
2770 867 3007 936 verius.
3112 871 3251 942 Aut

350 960 676 1055 quaeritur
713 982 877 1032 num
922 955 1144 1029 fideles
1192 955 1276 1030 de
1325 952 1747 1051 dogmatibus
1789 950 1947 1028 fidei
1995 957 2188 1052 aeque
2233 955 2364 1032 fint
2400 955 2722 1055 persuafi,
2764 979 2966 1056 quam
3001 969 3282 1038 matha.

347 1061 581 1134 matici
611 1060 692 1131 de
732 1053 1120 1130 veritatibus
1171 1055 1644 1128 mathematicis
1666 1056 1715 1126 ?
1767 1052 1871 1125 Ad
1916 1058 2097 1149 quod
2144 1051 2506 1153 respondeo
2524 1109 2546 1141 ,
2579 1059 2646 1130 id
2696 1057 2867 1155 saepe
2919 1066 3252 1158 continge-

347 1186 429 1233 te
457 1210 482 1249 ,
539 1176 616 1229 ut
660 1154 882 1230 fideles
920 1179 1056 1227 non
1105 1157 1310 1248 magis
1359 1151 1709 1240 dubitent,
1767 1153 2167 1249 Scripturam
2203 1154 2322 1228 effe
2360 1154 2644 1230 verbum
2678 1159 2845 1246 Dei,
2894 1164 2958 1244 ὃς
3008 1163 3252 1258 dogma

348 1261 488 1332 hoc
525 1255 772 1328 illudve
811 1255 879 1325 in
937 1254 1264 1345 Scriptura
1307 1254 1665 1339 contineri,
1709 1275 1913 1344 quam
1964 1253 2046 1326 de
2099 1256 2529 1329 Geometrico
2571 1256 2792 1349 aliquo
2825 1260 3248 1334 theoremate.

348 1358 596 1450 Neque
644 1352 862 1427 obstat
883 1402 906 1439 ‚
957 1352 1135 1445 quod
1186 1351 1353 1422 illius
1393 1352 1715 1424 certitudo
1766 1370 2033 1424 tanturn
2075 1349 2160 1428 fit
2203 1357 2464 1428 moralis.
2524 1355 2745 1428 Multa
2791 1359 2966 1429 enim
3023 1363 3264 1433 morali-

349 1474 453 1530 ter
490 1473 657 1527 certa
685 1478 823 1525 non
865 1451 1083 1522 minus
1124 1447 1402 1524 firmiter
1461 1450 1818 1536 credimuS,
1879 1475 1957 1522 ac
1996 1453 2379 1550 metapbyltce
2415 1472 2535 1526 aut
2580 1453 3002 1530 mathematice
3047 1479 3221 1531 certa
3240 1509 3269 1547 ,

351 1557 459 1630 uti
502 1551 688 1648 supra
723 1553 861 1644 jam
911 1551 1220 1639 vidimus,
1268 1574 1504 1647 neque,
1533 1572 1758 1623 tamen
1784 1547 2267 1644 persuafionem
2315 1549 2470 1624 fidei
2512 1551 2759 1646 semper
2817 1575 2956 1626 tam
3007 1551 3272 1629 firmant

357 1651 481 1727 effe
535 1654 607 1752 in
648 1649 950 1724 fidelibus
999 1649 1269 1723 testatur
1323 1652 1716 1743 experientia
1760 1699 1786 1735 ,
1850 1652 2050 1743 quam
2107 1647 2303 1723 firma
2356 1650 2448 1723 est
2496 1646 2817 1744 persuasio
2873 1657 2943 1724 in
3019 1657 3271 1727 mathe-

355 1754 612 1826 maticis
631 1801 656 1837 ,
683 1750 765 1823 de
809 1750 1190 1822 certitudine
1218 1750 1479 1824 suarum
1523 1744 2052 1843 propositionum
2068 1777 2092 1830 3
2140 1747 2312 1843 saepe
2363 1748 2539 1821 enim
2590 1746 2811 1821 fideles
2861 1752 3157 1825 incidunt
3196 1754 3269 1825 in

355 1849 841 1927 dubitationem
896 1849 1076 1944 saepe
1149 1852 1444 1947 indigent
1511 1866 1589 1921 ut
1648 1847 2066 1937 subveniatur
2116 1871 2350 1920 eorum
2404 1848 2822 1920 incredulitati
2854 1879 2881 1933 ,-
2932 1848 3097 1923 fides
3158 1877 3267 1923 eo-

228 2037 235 2045 ,
355 1975 509 2024 rum
551 1946 771 2023 crescit
808 1951 873 2019 ἆ
918 1948 1260 2030 decrestit3
1311 1952 1378 2022 in
1425 1942 1576 2040 ipfis
1623 1942 1927 2019 fidelibus
1969 1946 2160 2018 multi
2191 1946 2431 2019 dantur
2453 1946 2688 2043 gradus
2712 1948 2908 2044 fidei,
2940 1975 3091 2044 quae
3125 1974 3269 2026 om-

354 2052 469 2122 nia
510 2048 593 2121 de
636 2042 1043 2140 persuafione
1091 2047 1711 2124 mathematicorum
1759 2044 1886 2117 dici
1920 2066 2275 2139 nequeunt.

560 2206 631 2282 Si
662 2205 807 2300 quis
851 2199 956 2271 hic
999 2207 1049 2281 ir
1074 2200 1312 2293 παράθου
1357 2224 1442 2273 ex
1487 2223 1597 2272 me
1643 2221 1965 2295 quaereret
1986 2251 2010 2289 ,
2062 2225 2373 2296 quaenam
2425 2203 2627 2300 igitur
2679 2200 3009 2277 dubitatio
3063 2200 3269 2277 fidem

355 2305 429 2376 in
476 2302 673 2378 nobis
719 2301 1065 2394 extinguat
1112 2296 1148 2367 ἵ
1182 2300 1335 2371 huic
1382 2296 1837 2390 responderem
1864 2298 2151 2375 breviter
2173 2352 2200 2389 ,
2260 2328 2408 2375 eam
2426 2328 2593 2397 quae
2640 2299 2847 2375 efficit
2868 2327 2896 2380 ,·
2939 2319 3017 2374 ut
3075 2303 3271 2396 negli-

358 2429 588 2499 gamus
640 2399 982 2484 officium,
1035 2394 1118 2468 ad
1173 2398 1352 2491 quod
1417 2422 1540 2469 nos
1585 2395 1837 2494 obligat
1894 2400 2140 2495 dogma
2205 2402 2471 2496 aliquod
2519 2406 2582 2475 &
2641 2398 2803 2474 fides
2867 2402 2958 2473 illi
3020 2398 3264 2473 habita.

334 2501 702 2594 ·Q1amdiu
740 2499 1011 2572 firmum
1063 2494 1477 2589 propositum
1499 2546 1523 2582 ,
1582 2493 1881 2570 officium
1921 2499 2082 2577 hoc,
2135 2521 2459 2592 quantum
2509 2497 2841 2595 poss‘umus
2865 2550 2890 2587 ,
2941 2496 3218 2572 faciendi
3242 2549 3268 2584 ,

357 2605 431 2675 in
479 2597 673 2671 nobis
705 2615 972 2678 manet,
1030 2589 1191 2662 fides
1252 2598 1319 2665 in
1373 2590 1566 2664 nobis
1612 2597 1872 2687 penitus
1915 2596 2205 2669 extincta
2243 2624 2382 2670 non
2422 2598 2513 2672 est
2535 2628 2560 2681 ,-
2609 2600 2711 2670 Ita
2754 2624 2821 2668 v.
2861 2597 2944 2698 'g.
2981 2595 3124 2670 fieri
3153 2621 3272 2688 po·

359 2698 487 2771 test
508 2748 533 2783 ,
584 2714 663 2766 ut
699 2695 765 2764 in
809 2693 1082 2765 humine
1123 2692 1231 2780 pio
1284 2691 1574 2763 oriantur
1624 2692 1975 2783 aliquando
2010 2690 2453 2769 dubitationes
2493 2697 2575 2770 de
2614 2699 2891 2769 veritate
2921 2695 3280 2786 Religionis

363 2792 753 2870 Christianae
779 2821 804 2873 ,-
849 2792 960 2864 hae
1005 2803 1227 2859 tamen
1268 2788 1337 2859 in
1388 2785 1527 2879 ipso
1567 2784 1771 2861 fidem
1812 2814 1949 2861 non
1990 2791 2237 2864 tollunt
2272 2845 2297 2880 ‚
2348 2794 2602 2867 durnin
2650 2818 2733 2866 eo
2759 2812 2984 2867 manet
3006 2789 3279 2864 firmum

204 2914 211 2921 '
357 2897 428 2967 &
489 2889 781 2964 constans
830 2887 1245 2983 propositum
1300 2887 1389 2957 ita
1439 2882 1757 2972 vivendi,
1816 2908 1893 2959 ut
1953 2912 1993 2959 a
2050 2889 2416 2963 Christiano
2471 2888 2756 2985 poscitur
2779 2940 2803 2977 ,
2859 2894 2925 2965 δι
2969 2888 3277 2963 omnibus

359 2986 636 3075 officiis,
680 2989 1097 3082 quantumin
1138 2984 1199 3053 se
1251 2982 1377 3068 est,
1431 2981 1784 3073 fungendi,
1834 2988 1914 3056 ad
1962 3009 2118 3078 quae
2166 2987 2421 3083 Religio
2478 2989 2834 3061 Christiana
2878 2989 3065 3062 illum
3107 2986 3275 3061 obli·-

357 3109 494 3186 gat.
550 3089 685 3161 Hae
710 3084 1150 3158 dubitationes
1189 3081 1425 3153 volant
1466 3100 1729 3154 tantum
1776 3084 1845 3154 in
1892 3081 2163 3157 cerebro
2186 3136 2210 3172 ,
2260 3106 2340 3160 ut
2381 3088 2475 3165 ita
2521 3087 2735 3165 dicam
2758 3138 2784 3175 ,
2840 3086 2926 3166 ad
2970 3112 3084 3161 cor
3140 3110 3278 3158 non

358 3210 538 3317 &gun
558 3239 684 3358 §ed
712 3281 1071 3354 redeamus
1116 3277 1200 3350 ad
1234 3276 1301 3347 id
1336 3277 1508 3349 unde
1542 3273 1800 3367 digreffi
1839 3275 2077 3352 filmus.
2107 3214 2458 3355 ’Videmus
2480 3308 2562 3355 ex
2586 3281 2925 3354 antedictis
2952 3278 3280 3354 certitudi-
3327 3348 3336 3358 ,

362 3408 520 3555 331¹}
516 3434 585 3552 ὦ
617 3382 944 3552 &off-agiis
982 3374 1316 3472 cognoscit
1356 3373 1610 3453 sensum
1653 3376 1849 3467 hujus
1886 3373 2138 3455 illiusve
2162 3379 2318 3452 dieti
2349 3383 2415 3454 S.
2447 3380 2804 3476 Scripturae
2849 3374 2970 3453 effe
3013 3377 3277 3449 certitu-

569 3628 1043 3729 Cognoscimus
1088 3630 1266 3704 enim
1324 3625 1668 3724 quodlibet
1718 3626 1961 3718 dogma
2008 3623 2166 3700 fidei
2205 3652 2292 3702 ex
2328 3628 2446 3700 tali
2499 3627 2921 3725 syllogism03
2971 3630 3288 3731 Qicquid

365 3743 545 3812 Deus
591 3739 657 3805 in
699 3727 885 3803 verbo
913 3728 1031 3818 suo
1077 3729 1230 3802 dicit
1251 3780 1274 3817 ,
1324 3728 1488 3801 illud
1520 3750 1741 3798 verum
1778 3728 1875 3813 {st-
1943 3730 2154 3826 Atqui
2190 3726 2294 3801 hoc
2321 3728 2553 3802 illudve
2582 3731 2794 3827 dogma
2818 3738 2989 3804 Deus
3011 3738 3077 3802 in
3102 3732 3288 3805 verbo

349 3835 472 3926 suo
523 3832 676 3904 dicit
694 3858 718 3911 3
777 3835 928 3922 Ergo
980 3827 1139 3897 illud
1165 3853 1385 3898 verum
1429 3829 1524 3918 est.
1574 3824 1803 3913 rQod
1843 3822 1925 3894 ad
1970 3828 2259 3913 majorem
2289 3827 2484 3918 hujus
2507 3826 2855 3922 syllogismi
2881 3830 3147 3916 attinet,
3180 3831 3289 3903 illa
3368 3854 3372 3858 ·

362 3956 509 4004 non
537 3928 740 4001 modo
784 3944 960 3997 certa
993 3920 1217 4020 est‚sed
1247 3926 1441 3995 etiam
1470 3923 1826 3995 axioma&
1847 3922 2238 4018 principium
2263 3948 2378 4018 per
2399 3923 2460 3998 se
2479 3946 2745 4015 notum,
2778 3929 2954 4021 quod
2971 3927 3290 4001 anemine

360 4032 435 4102 in
479 4027 759 4100 dubium
784 4046 1084 4112 vocatur,
1139 4023 1253 4117 qui
1303 4023 1505 4094 modo
1554 4018 1669 4092 icit
1696 4022 1941 4093 Deum.
1989 4023 2080 4096 At
2113 4023 2295 4115 quod
2339 4022 2424 4095 ad
2461 4031 2747 4098 minorem
2775 4034 3048 4113 attinet,
3088 4050 3292 4121 quan-

367 4149 573 4223 quam
609 4124 713 4196 illa
760 4125 831 4193 in
882 4124 946 4195 se
991 4146 1260 4216 quoque
1290 4138 1464 4190 certa
1515 4115 1598 4191 fit
1624 4166 1649 4204 ,
1675 4135 1898 4190 tamen
1947 4115 2239 4214 respectu
2271 4119 2471 4196 nostri
2517 4123 2730 4219 aliqua
2767 4121 3129 4218 propositio
3173 4125 3296 4199 hac

371 4223 503 4298 effe
547 4220 759 4317 potest
802 4223 1083 4302 certior3
1143 4215 1522 4291 sufficientis
1574 4233 1798 4287 tamen
1847 4214 1938 4287 est
1980 4220 2416 4306 certitudinis,
2480 4241 2561 4293 ut
2608 4223 2678 4294 in
2733 4226 2955 4294 animo
3003 4222 3136 4293 rite
3180 4219 3301 4293 dis-

371 4318 594 4417 pofito
618 4319 830 4393 omnis
859 4316 1191 4392 dubitatio
1221 4315 1491 4390 tollatur
1524 4342 1546 4394 3
1577 4315 1714 4406 ejus
1741 4315 2022 4406 denique
2069 4318 2469 4390 cettitudinis
2506 4318 2601 4392 est
2622 4370 2647 4407 ‚
2700 4321 2902 4413 qualis
2944 4319 3015 4388 in
3063 4341 3305 4412 propo-

368 4418 605 4494 fitione
648 4417 841 4507 hujus
881 4435 1136 4491 naturae
1185 4414 1305 4491 effe
1336 4411 1601 4508 potest3
1664 4413 1731 4486 δι
1782 4412 1989 4509 qualis
2036 4414 2123 4487 ad
2157 4412 2467 4513 scopum,
2512 4418 2596 4490 ad
2646 4440 2847 4510 quem
2888 4418 3101 4488 omnis
3132 4414 3309 4487 Reli-

371 4520 481 4614 gio
510 4515 722 4590 tendit
742 4565 765 4601 ,
800 4512 944 4587 satis
972 4514 1080 4588 est.
2203 4571 2211 4581 ,

567 4611 940 4709 Werenfhlfii
994 4608 1291 4707 opuscula
1341 4609 1545 4684 Tom.
1598 4608 1710 4683 11.
2414 4608 2487 4679 V
2528 4634 2578 4679 v
3081 4610 3312 4682 Solent
