4188 5670
1379 312 1439 373 ω
1499 311 1549 371 ³3
1667 295 1729 369 A
1791 311 1842 375 ‘r
1908 310 1957 376 ο
2021 310 2087 371 Μ
2154 312 2182 363 1
2236 310 2292 369 tr.
2968 302 2972 306 *
3177 311 3315 396 167

374 470 811 568 pugnam
839 524 863 564 ,
921 465 970 543 fi
1011 469 1482 571 comprehendi
1526 469 1702 564 poffe
1758 465 2118 551 diceremus
2155 522 2180 560 ‚
2265 471 2445 566 quod
2515 469 2932 547 indefinitum
2996 477 3308 564 dicimu85

376 575 438 645 ἃ
471 573 599 645 boc
635 570 724 645 est
771 573 928 647 iliud
988 578 1054 647 in
1107 593 1396 667 corpore⁴
1424 568 1915 660 *dacriani-mor,
1980 572 2162 667 quod
2200 567 2623 666 Philosophos
2672 594 2989 667 perpetuo
3048 604 3298 652 exerce-

374 670 476 744 bit
497 720 521 756 ,
588 665 832 762 semper
882 691 1102 747 tamen
1152 692 1383 742 eorum
1447 666 1895 762 perspicaciam
1957 671 2186 765 fugiet.
2418 678 2435 685 ”
3186 726 3213 757 ,

569 766 897 843 XXIX.
955 775 1181 859 Quam
1217 764 1592 863 imperfe6te
1631 770 1917 863 corporis
1957 792 2263 843 naturam
2309 766 2773 866 cognoscamus
2811 820 2836 858 ,
2909 771 3047 863 jam
3101 772 3293 867 supra

375 867 605 937 leviter
653 870 1003 963 attigimus,
1085 868 1302 959 Hujus
1351 885 1570 938 autem
1627 888 1766 938 tam
1817 869 2216 962 imperfectae
2254 869 2642 964 cognitionis
2674 870 2825 941 duae
2857 872 3012 943 mihi
3057 870 3287 944 cauffae

374 964 703 1037 videntur.
805 969 956 1042 Una
1007 967 1097 1039 est
1129 1018 1150 1052 ,
1215 966 1396 1059 quod
1435 966 1795 1058 monadum
1843 967 2101 1040 illarum
2130 1018 2154 1054 ‚
2214 988 2597 1040 atomorum
2635 968 2824 1039 videl.
2866 969 2934 1038 in
2963 994 3236 1063 corpore
3259 1020 3283 1056 ‚

374 1060 624 1156 (quod
669 1088 806 1135 non
854 1091 984 1137 una
1033 1091 1132 1137 res
1163 1063 1253 1135 est
1284 1095 1334 1152 ‚·
1385 1061 1488 1135 scd
1540 1065 1780 1156 aliquid
1819 1090 1904 1137 ex
1958 1066 2054 1138 his
2101 1085 2520 1160 aggregatum
2562 1061 2598 1154 )
2664 1086 2964 1141 naturam
3013 1094 3148 1140 non
3199 1069 3289 1141 ita

375 1159 880 1255 cognoscimus,
922 1166 1109 1236 utin
1156 1164 1276 1235 hac
1336 1161 1706 1257 cognitione
1759 1164 2017 1257 prorsus
2069 1163 2565 1246 acquiescamus.
2665 1165 2899 1237 Fateor
2940 1168 3115 1237 enim
3173 1167 3285 1238 de·

371 1286 517 1333 nuo
548 1311 572 1347 ‚
624 1284 730 1330 me
762 1310 784 1344 ‚
833 1262 1043 1335 nescio
1097 1255 1484 1355 quomodo,
1522 1262 1591 1332 in
1629 1263 1747 1334 hac
1787 1264 2022 1336 notitia
2060 1265 2223 1335 mihi
2258 1262 2467 1356 ipsum
2514 1287 2650 1333 non
2694 1261 3066 1336 satisfacere.
3134 1265 3289 1336 Vel-

375 1360 508 1430 lem
554 1382 661 1431 eas
701 1364 979 1451 penitius
1021 1358 1465 1454 cognoscere3
1503 1384 1884 1454 quanquam
1908 1412 1934 1449 ,
2030 1362 2139 1432 uid
2185 1365 2251 1432 in
2302 1363 2376 1433 iis
2414 1380 2726 1456 praeterea
2764 1361 3150 1454 cognoscere
3177 1388 3286 1435 ve·

374 1459 492 1531 lim
520 1510 544 1546 ,
597 1455 893 1534 nesciam.
1002 1460 1222 1535 Altera
1275 1456 1481 1530 cauffa
1521 1458 1653 1545 est,
1699 1459 1876 1554 quod
1903 1511 1927 1546 ,
1974 1388 2027 1531 sil
2071 1461 2360 1531 maxime
2400 1458 2679 1555 perfecte
2719 1460 2925 1532 atomi
2975 1479 3287 1533 naturam

374 1555 913 1653 cognosceremus
941 1610 964 1647 ‚
1029 1583 1167 1631 non
1212 1559 1303 1629 ita
1351 1576 1574 1630 tamen
1612 1558 2223 1652 comprehendimus
2264 1557 2783 1651 magnitudinem
2831 1559 3087 1630 numeri
3116 1560 3291 1632 inde-

374 1654 595 1742 finiti,
649 1674 728 1725 ut
769 1657 1049 1754 perfecte
1093 1657 1528 1749 intelligamus
1559 1707 1582 1742 ,
1632 1654 1973 1751 quomodo
2013 1681 2104 1728 ex
2163 1652 2501 1729 indefinita
2553 1672 2928 1727 atomorum
2991 1660 3290 1750 congerie

377 1751 726 1828 neceflario
778 1755 898 1830 fiat
944 1756 1072 1829 tale
1115 1753 1454 1828 extensum
1487 1808 1509 1842 ‚
1552 1756 1734 1850 quod
1792 1780 2031 1849 corpus
2088 1780 2209 1831 nos
2258 1779 2578 1827 vocamus
2613 1780 2632 1823 ε
2675 1757 3013 1847 quomodo
3063 1753 3291 1826 indefi-

368 1856 560 1926 nitus
607 1852 722 1925 iste
805 1858 1117 1929 numerus
1184 1854 1492 1946 duplicari
1547 1905 1571 1941 ‚
1653 1854 1957 1947 triplicari
1990 1905 2012 1940 ,
2049 1855 2170 1926 &o
2217 1849 2416 1947 possit
2437 1902 2461 1939 ‚
2516 1870 2593 1922 ut
2638 1851 2885 1922 nullam
2927 1854 2964 1923 ὲ
3015 1878 3290 1947 corpore

375 1972 643 2048 partem
676 1970 819 2025 tam
865 1975 1143 2046 parvam
1183 1950 1468 2044 separare
1517 1949 1834 2047 possimus
1859 2001 1883 2038 ,
1925 1954 2086 2045 quin
2126 1954 2191 2024 &
2231 1952 2338 2027 illa
2387 1948 2466 2023 sit
2508 1946 2994 2022 indefinitarum
3028 1971 3292 2025 atomo-

379 2076 548 2122 rum
603 2051 933 2146 congeries
956 2102 978 2137 ,
1033 2074 1185 2144 quae
1228 2053 1452 2123 omnia
1490 2049 1871 2147 cognoscere
1915 2051 1998 2124 ad
2053 2048 2409 2145 perfectam
2462 2048 2748 2143 corporis
2791 2051 3232 2145 cognitionem
3262 2099 3289 2137 ‚

391 2145 665 2242 prorsus
716 2148 866 2223 effet
899 2148 1342 2223 necessarium.
1645 2177 1652 2182 ·

582 2248 755 2319 Haec
797 2245 850 2317 fi
910 2246 1175 2318 scrutari
1231 2249 1616 2342 incipimus,
1673 2246 1759 2321 ab
1806 2249 2117 2323 omnibus
2146 2246 2443 2341 partibus
2478 2244 2897 2322 indefinitum
2946 2247 3138 2322 nobis
3186 2275 3293 2323 oc-

369 2346 585 2419 currit
608 2388 629 2417 >
685 2344 865 2438 quod
913 2345 1098 2417 velut
1142 2343 1638 2438 profiindiffima
1678 2350 1983 2442 quaedam
2025 2373 2276 2443 vorago
2329 2348 2419 2421 est
2457 2399 2481 2435 ‚
2527 2349 2596 2418 in
2631 2346 3000 2441 qua-finem
3040 2348 3295 2431 nullum

361 2446 726 2518 cernimus.
858 2443 1215 2517 Enimvero
1294 2440 1544 2538 semper
1607 2442 1755 2519 sunt
1799 2446 2165 2542 Philosophi
2214 2445 2547 2541 conquesti
2599 2445 2680 2516 de
2733 2445 3014 2538 angustis
3055 2447 3293 2517 mentis

377 2542 624 2615 nostrae
685 2539 1002 2615 limitibus
1031 2593 1058 2630 ,
1107 2542 1188 2615 de
1231 2541 1548 2616 leviffima
1598 2547 1664 2616 δι
1714 2545 2091 2639 imperfecta
2128 2568 2351 2618 rerum
2392 2542 2786 2637 cognitione.
2857 2545 2954 2615 Ac
2978 2591 3002 2628 ,
3042 2539 3295 2618 tametsi

381 2665 622 2736 magna
664 2644 734 2714 in
774 2639 1182 2734 Philosophia
1224 2642 1342 2713 lux
1386 2641 1650 2714 accensa
1688 2640 1766 2717 fit
1799 2645 1927 2732 hoc
1961 2643 2175 2715 seculo
2215 2641 2435 2713 nostro
2474 2690 2497 2726 ‚
2547 2637 2847 2716 tenebrae
2900 2658 3123 2712 tamen
3156 2666 3297 2713 om-

385 2765 498 2811 nes
547 2740 847 2819 nondum
892 2735 1179 2813 discuffae
1225 2739 1391 2812 sunt.
1474 2738 1825 2832 Coguntur
1866 2741 2165 2833 quotidie
2208 2732 2720 2831 perspicacissimi
2763 2734 2949 2810 fateri
2996 2739 3298 2833 ignoran-

386 2842 545 2911 tiam
587 2837 769 2913 suam
795 2891 821 2928 ,
860 2842 924 2911 ἃ
973 2837 1332 2912 faterentur
1378 2835 1613 2932 saepius
1634 2890 1658 2926 ‚
1706 2835 1824 2910 nifi
1868 2862 1979 2926 eos
2031 2838 2321 2910 vinceret
2369 2833 2605 2931 pudor.
2698 2835 2798 2908 Illi
2838 2857 3098 2911 tantum
3140 2865 3297 2936 pau.

384 2936 637 3013 ciffima
689 2936 810 3018 fibi
851 2941 1147 3032 ignorare
1196 2939 1505 3010 videntur
1531 2987 1558 3024 ‚
1617 2938 1733 3032 qui
1777 2935 2115 3025 nesciunt,
2169 2935 2323 3031 quid
2384 2932 2467 3007 fit
2509 2932 2680 3007 scire.
2748 2935 3133 3033 Imperfecte
3175 2940 3298 3014 ad-

389 3038 670 3110 modum
712 3062 833 3110 nos
884 3034 1265 3131 cognoscere
1311 3056 1602 3109 mentem
1647 3035 1927 3110 nostram
1981 3085 2006 3123 ,
2070 3060 2199 3130 qua
2253 3055 2481 3108 tamen
2516 3031 2649 3105 sola
2695 3035 2930 3110 omnia
2974 3063 3051 3109 co
3100 3035 3298 3107 nosci-

377 3159 542 3228 mus
569 3184 591 3215 ‚
642 3161 773 3208 non
830 3134 1041 3207 modo
1097 3132 1363 3208 confeffi
1407 3134 1556 3206 sunt
1601 3160 1829 3207 omnes
1877 3160 2040 3228 pene
2084 3133 2501 3226 Philosophi5
2540 3129 2648 3203 sed
2714 3153 2820 3205 tot
2867 3135 3048 3205 diver
3077 3130 3305 3202 nfimis

394 3258 473 3306 ac
531 3233 716 3326 plane
767 3234 1043 3306 ridiculis
1095 3233 1177 3305 de
1211 3253 1431 3308 mente
1471 3231 1890 3326 opinionibus
1923 3233 2186 3305 abunde
2228 3230 2612 3325 probarunt.
2711 3231 2950 3302 Melius
3001 3230 3106 3302 illa
3153 3253 3304 3323 cog-

387 3330 571 3406 nosci
609 3333 829 3406 multis
874 3331 1220 3407 videbatur
1253 3382 1277 3418 ‚
1324 3330 1665 3424 postquam
1715 3328 2041 3404 Cartesius
2086 3330 2322 3400 mentis
2363 3348 2665 3399 naturam
2691 3377 2715 3414 ,
2761 3325 3029 3418 ejusque
3081 3328 3120 3397 a
3165 3349 3304 3398 cor.

387 3449 561 3526 pore
611 3431 1083 3506 distinctionem
1113 3482 1137 3519 ,
1204 3429 1432 3502 clarius
1492 3453 1690 3522 quam
1742 3426 2083 3521 quisquam
2141 3427 2412 3496 antehac
2462 3473 2486 3509 ,
2553 3422 3041 3497 demonstravit.
3177 3426 3303 3500 Sed

387 3528 702 3602 nondum
748 3530 1083 3623 acquiescit
1126 3526 1657 3612 Malebraneius‚
1712 3550 1994 3620 magnus
2033 3527 2102 3596 in
2154 3522 2402 3596 caeteris
2432 3517 2705 3595 Cartefii
2747 3524 3137 3605 admirator,
3162 3527 3311 3620 qui,

387 3630 465 3720 in
511 3652 716 3701 aureo
751 3628 863 3701 islo
920 3633 1002 3704 de
1043 3628 1441 3722 Inquirenda
1482 3627 1779 3718 Veritate
1821 3624 1989 3698 libro
2012 3673 2039 3710 ‚
2082 3620 2400 3718 pluribus.
2431 3665 2454 3700 ,
2520 3622 2585 3691 &
2629 3624 2802 3693 recte
2856 3647 3004 3695 mea
3042 3627 3307 3718 quidem

392 3725 757 3816 sententia,
793 3728 1089 3823 probat:
1138 3727 1370 3799 melius
1415 3722 1680 3798 cuilibet
1739 3726 1946 3798 menti
1990 3774 2014 3811 ,
2075 3747 2191 3817 per
2236 3718 2489 3792 sensum
2538 3720 2603 3791 ἃ
2663 3717 3123 3794 conscientiam
3195 3748 3312 3797 no-

391 3847 549 3904 tum
600 3823 718 3899 effe
747 3877 777 3913 2
826 3828 1011 3922 quod
1045 3824 1126 3898 fit
1149 3876 1173 3912 ,
1233 3849 1434 3920 quam
1475 3851 1593 3920 per
1644 3824 1878 3898 claram
1920 3826 1986 3897 &
2029 3821 2394 3898 distinctam
2444 3823 2927 3915 perceptionem
2955 3872 2982 3910 ‚
3032 3842 3198 3911 aut,
3235 3840 3313 3896 ut

391 3928 503 4000 ille
556 3925 847 4020 loquitur
878 3979 900 4014 ,
953 3950 1068 4020 per
1113 3925 1327 4012 ideam
1348 3974 1371 4014 ,
1419 3925 1578 4017 quid
1619 3919 1699 3996 fit
1752 3922 1786 3995 ἶ)
3226 3929 3229 3934 ’

596 4025 782 4113 Qid
827 4028 896 4099 in
935 4044 1128 4098 motu
1181 4019 1447 4114 ejusque
1494 4044 1724 4094 natura
1779 4017 2227 4117 cognoscenda
2251 4015 2523 4111 [ψει-(ῖς
2553 4071 2576 4106 ,
2605 4044 2853 4096 norunt
2875 4047 3103 4098 omnes
3127 4073 3153 4111 ‚
3202 4025 3319 4113 qui

393 4127 546 4197 haee
570 4121 801 4218 saepius
824 4127 1210 4218 tractarunt.
1282 4122 1371 4193 Et
1401 4136 1627 4193 tamen
1663 4122 1701 4191 a
1740 4144 1928 4192 motu
1956 4119 2226 4206 omnis·,
2267 4143 2422 4212 quae
2453 4121 2522 4189 in
2548 4121 2672 4194 hoc
2687 4123 2989 4202 universo
3013 4123 3322 4208 cernitur,

391 4247 627 4295 rerum
674 4223 997 4318 dependet
1036 4222 1333 4295 varietas.
1504 4219 1848 4311 Supererat
1897 4219 2185 4309 corporis
2229 4216 2570 4309 cognitio,
2637 4244 2791 4310 quae
2838 4223 3140 4292 omnium
3173 4243 3328 4311 per-

397 4317 752 4395 feffiffima
806 4320 1173 4398 videbatur.
1291 4322 1381 4392 At
1418 4318 1621 4411 qualis
1665 4314 1745 4388 sit
1766 4367 1789 4403 ‚
1841 4317 2161 4390 videmus.
2267 4315 2585 4387 Ludimus
2647 4318 2817 4388 circa
2884 4320 3174 4410 corporis
3229 4314 3334 4387 su-

374 4414 746 4514 perficiem
771 4469 796 4507 ,
840 4421 922 4494 ad
978 4418 1210 4491 intima
1253 4442 1388 4490 non
1431 4417 1857 4511 pertingimus
1876 4444 1902 4497 ‚-
1956 4416 2020 4486 &
2043 4463 2072 4501 ‚
2120 4413 2301 4505 quod
2334 4415 2587 4485 eminus
2622 4436 2834 4484 unum
2890 4413 3010 4485 effe
3063 4412 3335 4504 putaba-

371 4516 554 4593 (πίω
581 4569 606 4607 ,
657 4544 813 4593 etun
874 4517 1145 4613 propius
1185 4516 1550 4590 accedimus
1578 4566 1602 4602 ‚
1660 4515 1962 4588 videmus
1993 4563 2018 4597 ‚
2062 4510 2183 4585 effe
2229 4533 2451 4584 rerum
2519 4506 3102 4581 innumerabilium
3167 4531 3340 4578 acer-

403 4642 593 4693 vum.
681 4619 752 4694 Si
809 4639 1011 4691 unam
1047 4638 1131 4686 ex
1171 4616 1298 4688 hoc
1342 4638 1578 4688 acervo
1636 4637 1778 4685 rem
1821 4613 2162 4778 decerperYe
2218 4611 2531 4684 volumus
2562 4655 2585 4690 ,
2614 4625 2697 4676 -ut
2739 4603 2942 4690 qualis
2983 4597 3064 4670 fit
3090 4645 3115 4680 ‚
3163 4600 3346 4709 peni.

2228 4726 2277 4782 2
3223 4714 3359 4763 tius
