4188 5670
933 314 1086 406 1'26‘
1873 309 2014 394 Dr
2098 308 3007 397 Suras-erinon

923 499 1214 602 judicent
1231 545 1261 593 ,
1326 500 1422 592 ii,
1468 481 1711 599 quibus
1774 519 2036 576 naturae
2099 492 2447 589 motusque
2508 497 2679 592 leges
2724 491 2935 594 probe
2976 494 3126 570 sunt
3170 496 3562 595 perspeftae:
3632 497 3873 578 melius

925 625 1098 679 certe
1144 603 1341 677 famae
1368 600 1505 675 suae
1545 597 1994 678 consuluiflent
2015 649 2039 686 ,
2081 595 2136 670 fi
2174 595 2510 692 ingenium
2561 621 2699 668 non
2741 609 2892 670 ante
2916 646 2941 683 ,
2993 597 3062 668 in
3100 596 3303 670 caussa
3347 600 3540 692 hujus
3564 601 3659 673 rei
3684 626 3868 696 qute-

920 704 1121 777 renda
1137 754 1162 791 ‚
1216 697 1572 790 torfiffent,
1623 724 1824 797 quam
1878 697 2174 776 constans
2229 717 2377 769 eam
2429 697 2831 789 experientia
2861 690 3198 790 probasset.
3265 697 3364 769 Ita
3390 696 3536 771 sane
3574 699 3871 794 pleriun

922 806 1154 876 e‘orum
1184 801 1297 893 qui
1340 803 1511 891 astrls
1531 851 1554 889 ,
1605 802 1717 895 qui
1768 794 2287 885 conjunfflonibus'
2325 815 2558 874 eorum
2575 840 2598 880 ,
2641 791 3016 888 quilbmniis
3041 790 3417 869 futurorum
3439 793 3864 892 significatio-

918 925 1032 974 nes
1073 896 1483 986 adscribunt,
1536 899 1650 992 qui
1687 898 1970 970 hominis
2018 893 2367 968 fortunam
2413 888 2788 988 prosperam
2841 911 2959 966 aut
3008 890 3344 965 adversam
3379 896 3449 966 in‘
3489 896 3720 970 vultus
3741 924 3869 971 ma-

914 1016 1111 1071 nusve
1159 998 1530 1069 lineamentis
1561 993 1684 1069 fibi
1715 997 1925 1091 legere
1971 994 2315 1079 videntur,
2371 990 2737 1063 naturalem
2767 991 2864 1062 his
2900 985 3203 1063 tribuunt
3233 986 3632 1086 fignificandi
3674 998 3816 1069 vim
3845 1015 3865 1069 ε

915 1095 1026 1168 sed
1069 1118 1269 1189 quem
1316 1118 1567 1168 nexum
1606 1097 1772 1167 inter
1823 1089 2084 1188 signum
2134 1110 2406 1183 remque
2451 1084 2853 1183 designatam
2902 1090 3240 1165 inveniant
3263 1137 3286 1172 ‚
3331 1105 3494 1165 num
3544 1117 3627 1164 ex
3660 1093 3872 1169 oeuffii

913 1189 1264 1270 effectum,
1313 1217 1399 1264 an
1437 1217 1520 1265 ex
1548 1188 1790 1265 effectu
1838 1189 2117 1264 cauffam
2142 1239 2165 1275 ‚
2219 1215 2304 1262 an
2332 1208 2415 1256 ex
2448 1209 2586 1259 uno
2611 1179 2852 1259 efferstu
2891 1186 3091 1259 alium
3127 1185 3415 1279 ejusdem
3439 1187 3678 1264 cauffae
3698 1196 3872 1267 dete-

915 1312 1065 1387 gere
1098 1285 1345 1387 poffint
1360 1339 1385 1378 ,
1411 1316 1551 1364 non
1573 1289 1722 1364 satis
1748 1290 2109 1385 explicant,
2143 1288 2207 1358 &
2232 1283 2280 1358 fi
2307 1278 2552 1358 vellent
2568 1335 2593 1374 ‚
2626 1284 2835 1378 magis
2867 1281 3123 1359 fortasse
3153 1284 3215 1359 se
3241 1283 3408 1380 ipsos
3437 1290 3868 1384 implicarent.

1102 1440 1201 1511 Ae
1223 1437 1440 1525 enim,-
1470 1438 1778 1530 inqniunt‘
1810 1440 2046 1513 harum
2087 1437 2490 1531 aliarumque
2527 1432 2597 1508 ln
2625 1433 2823 1507 rebus
2858 1437 3262 1510 naturalibus
3283 1437 3869 1534 superstitiosarum

918 1534 1309 1625 opinionum
1343 1537 1605 1629 patroni
1629 1585 1652 1621 ,
1706 1534 1889 1610 facile
1927 1534 2017 1606 est
2043 1537 2187 1608 haec
2220 1553 2475 1608 naturae
2511 1556 2738 1606 arcana
2761 1533 2965 1608 ridere·
2983 1588 3007 1624 ‚
3055 1534 3239 1609 facile
3276 1536 3748 1633 superstitionis
3770 1571 3867 1619 ac:⁴

918 1631 1173 1704 euiare:
1228 1638 1298 1705 at
1332 1635 1488 1725 quid
1537 1631 2024 1727 respondebunt
2064 1634 2376 1706 increduli
2409 1630 2645 1716 nostri,
2688 1631 2771 1703 ad
2814 1647 2955 1720 tot,
3004 1633 3245 1728 quibus
3299 1636 3413 1711 ista
3456 1639 3868 1717 confirman-

915 1748 1023 1799 tur
1049 1779 1072 1814 ,
1116 1731 1559 1824 experimenta
1592 1731 1626 1802 :²
1663 1731 1867 1805 Nulla
1897 1756 2021 1826 pro
2052 1732 2248 1804 nobis
2276 1733 2440 1804 ratio
2469 1728 2597 1815 est,
2628 1727 2910 1802 fatemur
2933 1782 2956 1818 ,
3008 1754 3076 1805 at
3098 1733 3221 1806 stat
3246 1736 3283 1805 a
3307 1735 3538 1812 nostris
3567 1742 3865 1833 partibus

916 1834 1298 1918 experientia.
1375 1830 1566 1902 Num
1606 1830 1754 1902 ideo
1795 1829 2168 1925 negandum
2217 1830 2458 1923 aliquid
2513 1828 2605 1899 est
2636 1878 2659 1914 ,
2713 1831 2865 1920 quia
2900 1831 3417 1905 admirandum?
3478 1839 3673 1911 Num
3716 1842 3860 1915 ideo·

919 1924 1137 1995 nullus
1192 1924 1283 1998 est
1329 1928 1499 2001 inter
1531 1929 1691 2000 duas
1714 1953 1816 2001 res
1846 1939 2098 2015 nefxus,
2143 1930 2632 2022 quamprimum
2674 1927 2860 1998 illum
2902 1928 3256 2023 perspicere
3287 1957 3423 2006 non
3468 1933 3803 2030 possumus
3828 1941 3863 2012 :²

920 2019 1233 2097 Mensura
1266 2025 1566 2099 videlicet
1597 2027 1958 2099 intellectus
1984 2025 2186 2099 nostri
2224 2027 2345 2099 erit
2373 2022 2671 2098 mensura
2704 2049 2982 2117 operum
3008 2029 3406 2104 divinorum.
3486 2037 3684 2124 Quot
3713 2036 3857 2112 sunt

921 2122 991 2214 in
1048 2143 1287 2196 natura
1337 2124 1751 2213 admiranda,
1808 2150 1965 2218 quae
2016 2122 2136 2197 effe
2178 2125 2447 2219 quidem
2498 2121 2984 2216 cognoscimus,
3032 2152 3232 2220 quare
3261 2148 3379 2202 aut
3401 2136 3745 2225 quomodo
3769 2139 3857 2212 ita

925 2214 1096 2307 fint,
1160 2222 1540 2319 ignoramus
1586 2226 1632 2298 ,Ρ
1701 2224 2243 2319 Quotusquisque
2294 2222 2384 2294 est
2404 2273 2427 2309 ‚
2477 2224 2589 2316 qui
2620 2218 2896 2294 cauffam‘
2957 2225 3323 2321 cognoscit,
3373 2255 3572 2325 quare
3606 2231 3858 2308 ferrum

922 2317 1201 2413 Magnes
1243 2322 1560 2410 attrahat,
1604 2329 1807 2416 qu'are‘
1847 2313 1929 2395 ad
1980 2311 2171 2415 polos
2212 2317 2442 2392 mundi
2493 2318 2558 2391 se
2600 2339 2976 2393 convertat:
3033 2317 3194 2419 quid
3248 2325 3427 2401 lunae'
3476 2355 3627 2405 cum
3686 2325 3858 2407 astu

926 2413 1187 2491 marino
1211 2411 1292 2490 fit
1337 2418 1744 2492 commune?
1794 2416 2165 2496 Dabimus,
2221 2419 2443 2491 invitis
2471 2415 2730 2490 fortaffe
2778 2420 3041 2509 multis,
3081 2423 3189 2494 sed
3236 2423 3529 2500 dabimus
3566 2448 3796 2505 tamen
3823 2483 3850 2520 ,

927 2510 1162 2588 harum
1193 2542 1420 2591 rerum
1459 2514 1694 2589 oeuffas
1733 2517 1954 2594 nostro
1993 2517 2123 2590 hoc
2159 2514 2370 2591 seculo
2420 2512 2540 2590 effe
2583 2514 2864 2589 detectas
2888 2547 2908 2588 .·
2958 2544 3127 2594 num
3168 2522 3318 2598 ideo
3360 2550 3498 2600 non
3530 2525 3804 2606 fuerunt
3824 2571 3854 2620 5

928 2617 1279 2711 antequam
1320 2616 1594 2692 detectae
1628 2613 1835 2693 suns?
2308 2636 2322 2648 ’

1120 2775 1292 2853 Haec
1329 2756 1393 2854 8}
1424 2757 1542 2856 alia
1582 2755 1648 2854 in
1690 2754 1866 2856 liunc
1905 2750 2163 2854 {iensum
2217 2747 2386 2872 saepe
2426 2749 2658 2852 adduci
2699 2750 2953 2868 solent,
3005 2754 3331 2854 ve'riss‘ima
3371 2763 3480 2856 illa
3525 2767 3789 2878 quidem
3825 2797 3850 2872 ,“

929 2873 1034 2946 sed
1084 2876 1149 2946 in
1185 2876 1422 2970 quibus
1468 2906 1704 2975 parum
1749 2877 2029 2975 praesidii
2074 2878 2319 2953 creduli
2369 2879 2434 2949 &
2469 2873 2879 2969 superstitiofi
2923 2880 3217 2952 homines
3270 2881 3638 2956 inveniunt.
3693 2885 3859 2961 Non

928 2967 1325 3060 diffitemur,
1364 2977 1718 3067 plurimum
1753 2974 1999 3069 semper
2032 2975 2449 3068 experientiae
2485 2972 2606 3046 efle·
2634 2975 3060 3050 tribuendum
3079 3029 3104 3065 ,
3163 2996 3360 3072 atque
3394 2980 3569 3053 haud
3601 2980 3732 3056 scio
3772 3008 3859 3058 an

928 3070 1256 3155 interdum
1287 3071 1430 3165 plus
1464 3096 1663 3169 quarn
1711 3070 2176 3167 speciofiffimis
2216 3067 2615 3143 rationibus:
2659 3073 2828 3147 hanc
2857 3099 2997 3148 non
3021 3073 3407 3151 confirmare
3436 3079 3640 3154 modo
3665 3086 3704 3153 a
3726 3084 3859 3157 Ra-

931 3172 1111 3240 tione
1136 3170 1403 3242 inv'enta
1422 3222 1446 3260 ‚
1476 3191 1555 3244 ut
1597 3173 1831 3244 certius
1877 3171 1997 3243 illis
2028 3168 2227 3241 fidere
2258 3163 2620 3263 poffimus:
2687 3170 2795 3244 sed
2833 3170 3173 3266 saepiffime
3206 3178 3404 3248 etiam
3426 3178 3624 3271 hujus
3644 3180 3858 3256 defec-

929 3288 1078 3340 tum
1103 3265 1555 3363 compensare:
1608 3272 2074 3365 experientiam
2098 3265 2374 3340 incidisse
2414 3268 2482 3338 in
2508 3268 3007 3345 innumerabilia
3035 3274 3253 3367 generi
3280 3276 3570 3349 humano
3600 3278 3860 3355 utiliffi.

932 3392 1040 3439 ma
1068 3367 1335 3441 inventa
1354 3420 1377 3455 ,
1434 3394 1587 3463 quae
1614 3368 1813 3465 Ratio
1837 3394 1973 3442 non
2002 3367 2209 3440 modo
2250 3364 2581 3439 detexisset
2617 3393 2954 3463 nunquam
2980 3420 3003 3456 ,
3040 3369 3146 3443 sed
3172 3370 3253 3442 ne
3282 3371 3664 3466 quaefiviffet
3696 3382 3857 3472 qui·

932 3467 1103 3539 dem.
1186 3464 1564 3541 Fatebimur⁴
1605 3468 1804 3543 etiam
1821 3521 1844 3557 ,
1872 3480 1948 3541 ea
1967 3469 2318 3562 aliquando
2342 3462 2534 3538 nobis
2565 3468 2880 3541 credenda
2907 3466 3025 3543 effe
3048 3521 3074 3556 ‚
3108 3495 3259 3563 quae
3285 3475 3678 3566 experientia
3701 3502 3864 3569 pro.

933 3562 1052 3634 bat
1071 3615 1093 3650 ,
1139 3562 1395 3646 tametsi
1435 3563 1667 3641 cauffis
1693 3594 1923 3642 eorum
1955 3580 2140 3641 veras
2164 3566 2584 3660 ignoremus,
2634 3566 2775 3638 imo
2797 3564 3055 3641 tametfi
3083 3569 3340 3644 nullum
3365 3576 3531 3648 inter
3568 3572 3861 3652 cauflhm

933 3679 1129 3754 atque
1162 3657 1474 3737 effectum
1504 3667 1899 3761 reperiamus
1927 3689 2197 3738 nexumz

1049 3872 1056 3879 ,
1117 3799 1209 3873 At
1237 3803 1383 3878 haec
1414 3814 1772 3899 experientia
1801 3834 1940 3882 non
1976 3807 2057 3885 stt
2087 3806 2284 3886 aliena
2298 3864 2321 3900 ,
2338 3800 2458 3903 ¹sed
2480 3819 2716 3908 nestra,
2751 3828 2889 3891 n'on
2911 3806 3312 3914 perfanHmia
3324 3874 3348 3910 ,
3383 3823 3488 3898 sed
3515 3848 3823 3902 accurata
3840 3861 3871 3917 ,-

927 3919 1063 3966 non
1073 3897 1279 3989 fallax
1297 3948 1316 3975 ‚
1366 3903 1472 3977 sed
1514 3926 1678 3980 certa
1695 3938 1724 3992 ‚-
1778 3932 1914 3995 non
1947 3919 2202 3999 varians
2222 3963 2254 3997 ,‚
2294 3911 2402 3985 ssed
2442 3919 2702 4007 constans
2744 3924 2942 4011 atque
2961 3940 3264 4012 perpetua.
3323 3925 3389 3997 Si
3423 3925 3580 4017 quid
3613 3946 3870 4019 praeter

927 3996 1393 4108 experientiam
1438 4007 1690 4078 ratione
1715 4002 2057 4100 verisimili
2087 4006 2549 4100 confirmatur,
2602 4017 2774 4088 credi
2801 4017 2870 4089 id
2915 4014 3052 4090 fine
3097 4014 3541 4114 superstitione
3581 4026 3817 4116 potest
3845 4080 3871 4115 ,

926 4114 1226 4202 quamvis
1273 4097 1488 4169 minus
1539 4126 1711 4177 certa
1765 4127 1960 4199 atque
1987 4102 2283 4179 constans
2303 4103 2383 4181 fit
2421 4114 2855 4205 experientia:
2895 4134 2965 4189 at
3004 4142 3138 4211 quo
3162 4145 3262 4192 res
3293 4119 3384 4191 est
3405 4121 3872 4198 incredibilior

925 4185 1056 4277 ipsa
1079 4213 1193 4278 per
1222 4189 1382 4282 sese,
1411 4223 1491 4271 eo
1517 4205 1749 4275 certior
1783 4214 1979 4297 atqu'e
2005 4204 2398 4280 constantior
2432 4208 2630 4286 debet
2672 4209 2792 4286 e'ffe
2805 4263 2832 4304 ,
2871 4237 3024 4310 quae
3058 4217 3152 4288 rei
3181 4237 3320 4291 tam
3351 4216 3725 4295 incredibili
3776 4220 3878 4299 fi-

921 4282 1074 4357 dem
1118 4282 1347 4382 faciat,
1378 4301 1792 4393 experientia.-

1048 4400 1068 4426 .
1109 4404 1281 4510 'Duo
1331 4441 1534 4537 vulgo
1574 4444 1640 4516 in
1679 4432 1828 4519 foro
1864 4432 2287 4543 requiruntur
2313 4458 2395 4530 ad
2423 4442 2663 4554 aliquid
2692 4454 3112 4555 probandum
3146 4467 3372 4554 testes,
3419 4462 3602 4561 quod
3624 4484 3879 4545 tamen

927 4544 1064 4606 non
1092 4538 1404 4631 impedit,
1449 4565 1586 4651 guo
1615 4545 1837 4616 minus
1859 4566 2043 4621 extra
2072 4553 2372 4627 ordinem
2409 4562 2525 4631 uni
2547 4557 2706 4631 fides
2732 4558 2956 4637 haberi
2983 4585 3182 4660 queat
3203 4617 3226 4653 ,
3262 4563 3310 4638 fi
3335 4566 3506 4638 testis
3537 4565 3631 4639 est
3662 4572 3881 4642 omni

931 4637 1310 4731 exceptione
1333 4659 1566 4730 major.
1632 4641 1793 4718 Duo
1832 4658 2097 4745 qnoque
2139 4648 2297 4727 sunt
2321 4655 2393 4734 in
2423 4653 2707 4753 Physicis
2753 4659 2940 4739 testes
2965 4712 2992 4754 ,
3038 4671 3201 4742 ratio
3254 4667 3317 4740 ἃ
3344 4672 3759 4760 experientia3
3820 4663 3883 4740 fi

3688 4761 3884 4849 defi·
