4188 5670
791 367 1556 441 Assaria-roms
1651 353 1787 457 εἶτ
1896 358 2676 450 (ΣΦ-υιιετῑοκειξ
3100 384 3229 455 ¹71

333 540 624 627 animum
663 538 1005 640 addit‚·ad
1031 542 1224 626 'istud
1258 570 1526 645 quoque
1565 545 1712 641 post
1760 546 1920 622 alios
1945 599 1972 636 ,
2030 542 2281 615 vadum
2325 540 2734 615 mutandum.
2822 541 3048 629 Qare
3096 565 3251 636 pau·

337 654 487 724 culis
530 653 748 747 primo
781 647 1229 727 afl'ertionibus
1280 650 1628 741 Temporis
1669 647 1882 722 ideam
1905 700 1927 735 ,
1991 661 2321 740 quantum
2375 650 2531 734 pote
2578 636 2865 752 breviter
2926 638 2993 708 &
3029 642 3257 714 diluci-

336 751 461 838 de,
492 741 614 822 'ob
651 746 875 825 oculos
938 745 1310 843 ponemus&
1346 749 1498 821 dein
1555 746 1972 837 Qiaestiom
2019 742 2396 837 adjiciemus
2443 791 2467 827 ,
2525 762 2678 834 quae
2738 737 3025 832 aliquam
3062 763 3256 835 argu-
3356 748 3362 752 ’

336 868 563 925 mento
610 852 824 924 lucem
861 849 1164 924 foenerari
1211 846 1628 926 videbuntur.

497 998 582 1072 -L
646 1005 939 1097 Tempus
992 1024 1217 1077 utrum
1270 1004 1308 1076 a
1351 1001 1770 1098 temperando
1797 1004 2089 1092 dioetur,
2140 1030 2227 1079 an
2271 1006 2310 1077 ὲ
2344 1025 2641 1102 tempore
2672 1028 3068 1105 temperares
3095 1006 3255 1104 quid

336 1101 665 1193 tempori,
708 1100 791 1173 de
848 1127 984 1195 quo
1021 1104 1274 1198 agimus
1297 1155 1323 1193 ‚
1385 1128 1540 1176 cum
1591 1100 1778 1176 faciei
1827 1103 2242 1200 temporibus
2296 1127 2538 1200 praeter
2577 1131 2824 1180 nomen
2864 1110 3258 1191 commune;

336 1197 732 1278 differ-antae
802 1205 992 1294 καιρὸς
1061 1204 1460 1277 Graecorum
1524 1205 1589 1274 δι
1649 1202 2015 1276 eorundem
2082 1213 2306 1300 χρόνων
2344 1233 2372 1287 ‚-
2432 1207 2559 1278 hoc
2618 1207 2883 1279 idemne
2949 1203 3030 1280 fit
3100 1233 3258 1283 cum

336 1303 518 1389 Κςόεῳ
540 1349 566 1388 ,
618 1324 756 1393 quo
807 1301 1166 1375 Saturnum
1224 1319 1496 1380 notants.
1535 1301 1610 1372 iis
1659 1302 2041 1395 inquirenda
2093 1303 2523 1395 relinquimus
2558 1354 2581 1390 ‚
2640 1302 2881 1396 quibus
2939 1307 3099 1378 tales
3151 1319 3261 1381 ὄνο-

340 1405 728 1485 ματαλοφίιι
775 1399 858 1472 ad
903 1424 1126 1473 rerum
1174 1400 1458 1496 ipsarum
1501 1399 1890 1491 penitiorem
1964 1402 2342 1495 indaginem
2392 1403 2632 1496 aliquid
2698 1402 2994 1480 conferre
3040 1406 3270 1484 viden-

342 1514 473 1569 tur.
588 1497 738 1571 Nos
769 1548 792 1584 ‚
843 1499 943 1571 his
986 1501 1052 1571 ἃ
1097 1499 1234 1571 aliis
1276 1496 1617 1572 inutilibus
1658 1498 1892 1571 relictis
1917 1550 1941 1586 ,
1990 1525 2136 1571 rem
2187 1501 2377 1572 altius
2427 1520 2822 1598 repetemus.

544 1595 652 1671 11.
709 1597 1087 1673 Existentiae
1110 1618 1462 1692 conceptus
1503 1592 2005 1689 simplicissimus
2038 1649 2062 1685 ‚
2119 1622 2364 1671 nomen
2416 1595 2840 1673 clariffimum
2878 1601 2969 1677 est
3006 1631 3031 1687 3
3076 1609 3269 1701 plane

345 1715 426 1767 ut
448 1746 492 1782 ‚⁶
530 1696 796 1771 existere
852 1698 1011 1791 quid
1055 1696 1184 1786 fit,
1242 1693 1292 1768 fi
1342 1688 1612 1771 definire
1653 1698 1815 1767 velis
1838 1747 1861 1783 ,
1918 1721 2060 1768 rem
2103 1695 2551 1772 obscuraveris'
2588 1701 2806 1793 potius
2853 1751 2878 1788 ,
2921 1701 3120 1796 quam
3159 1732 3270 1780 ex-

344 1797 686 1888 plicaveris
733 1823 753 1868 ε
805 1800 960 1870 actu
985 1847 1007 1881 ,
1049 1800 1116 1869 in
1159 1821 1383 1871 rerum
1427 1816 1663 1869 natura
1692 1845 1716 1881 ‚
1765 1817 1952 1869 extra
2007 1815 2303 1867 mentem
2334 1846 2357 1883 ‚
2406 1814 2591 1870 extra
2639 1795 2872 1872 cauffas
2912 1796 3032 1873 effe
3059 1856 3082 1892 ‚
3130 1821 3274 1880 om.

349 1901 464 1973 nia
508 1916 626 1971 aut
673 1894 1055 1968 obscuriora
1103 1895 1255 1968 sunt
1294 1890 1626 1989 magisque
1664 1892 2014 1988 ambigua,
2083 1914 2202 1967 aut
2243 1913 2413 1969 certe
2458 1895 2727 1969 clariora
2779 1921 2917 1971 non
2954 1897 3123 1976 sunt.

550 1998 586 2068 Ι
629 1996 668 2066 1
707 1997 764 2067 Ι.
826 1996 1009 2066 Cum
1046 1996 1206 2089 quid
1262 1991 1527 2068 existere
1577 1990 1947 2086 perseverat
1972 2044 1996 2080 ‚
2054 1993 2288 2066 durare
2319 1994 2553 2069 dicitur
2601 2011 2622 2055 τ
2690 1994 2909 2092 estque
2956 2001 3121 2075 adeo
3164 2001 3283 2076 're-

358 2118 514 2169 rum
564 2093 824 2175 duratio
866 2088 1028 2162 nihil
1085 2094 1262 2166 aliud
1316 2091 1518 2185 quam
1565 2086 1996 2185 perseveratio
2039 2090 2397 2166 existentiae
2414 2145 2440 2183 ‚
2480 2093 2585 2169 vel
2630 2142 2655 2180 ,
2726 2089 2778 2166 fi
2827 2098 3041 2173 mavis
3073 2151 3099 2190 ,
3149 2099 3287 2200 ipsa

357 2216 595 2269 rerum
645 2186 980 2265 existentia
1016 2190 1451 2287 perseverans.

559 2292 593 2362 I
626 2288 710 2360 V.
789 2283 1043 2361 Rerum
1094 2290 1427 2362 existentia
1459 2337 1487 2374 ‚
1537 2285 1640 2359 uti
1687 2307 1804 2362 aut
1839 2285 2179 2363 neceffaria
2229 2292 2322 2367 est
2371 2314 2486 2365 aut
2557 2297 2942 2394 contingens
2970 2350 2994 2387 ,
3044 2302 3135 2374 ita
3171 2299 3295 2373 du·

351 2392 530 2465 ratio
580 2384 769 2461 finita
823 2408 941 2461 aut
982 2385 1241 2461 infinita
1294 2386 1546 2460 dicitur.
1683 2390 1866 2478 Quae
1939 2384 2280 2466 neceffario
2338 2391 2622 2467 existunt
2651 2446 2675 2482 ‚
2752 2422 2830 2468 ea
2879 2396 3011 2470 sem
3064 2425 3131 2472 er
3180 2423 3297 2471 ex·-

355 2484 575 2569 stitisse
613 2485 994 2583 semperque
1041 2486 1310 2560 existere
1347 2502 1614 2582 oportet
1644 2537 1670 2574 ,
1716 2507 1919 2582 atque
1974 2490 2140 2585 adeo
2174 2490 2594 2564 durationem
2645 2488 2892 2567 babent
2939 2495 3004 2565 in
3059 2498 3288 2575 uitam.
3391 2555 3427 2571 ..

362 2597 547 2680 Qae
602 2589 1052 2680 contingenter
1089 2585 1376 2660 existunt
1396 2636 1421 2673 ,
1446 2584 1800 2678 aliquando
1840 2612 1978 2660 non
2021 2584 2369 2672 exstiteres
2445 2592 2605 2682 quin
2636 2615 2816 2663 nunc
2854 2590 3117 2688 pofl'unt
3160 2617 3302 2668 uon

365 2689 638 2765 existere
659 2738 683 2774 ‚
730 2683 1116 2780 finitamque
1165 2686 1333 2759 adeo
1387 2684 1804 2757 durationem
1844 2682 2118 2758 habent-
2193 2770 2196 2773 Δ

409 2768 418 2785 ’
489 2851 498 2862 .
568 2785 656 2858 V.
718 2769 989 2861 Infinita
1037 2784 1301 2856 duratio
1347 2779 1642 2856 absolute
1688 2779 1778 2853 fic
1832 2782 2006 2856 dista
2048 2833 2075 2872 ‚
2136 2800 2217 2857 ut
2275 2807 2475 2859 omne
2538 2778 2872 2864 infinitum
2920 2786 2972 2881 ,’
3010 2791 3306 2866 terminis

374 2907 549 2962 earet
575 2936 599 2973 ‚
636 2911 848 2983 neque
907 2883 1303 2979 principium
1379 2904 1596 2974 neque
1632 2876 1840 2955 finem
1909 2877 2222 2979 agnoscit.
2312 2883 2538 2981 Vulgo
2579 2908 2856 2962 vocatur
2886 2893 3231 2969 AEternitas
3272 2943 3301 2981 ,

367 2988 668 3079 Dnoque
712 2984 973 3081 propria
1013 2980 1105 3054 est
1133 3028 1159 3069 ‚
1222 2984 1335 3075 qui
1393 2978 1567 3053 solus
1624 2979 1759 3053 Ens
1803 2979 1895 3054 est
1947 2980 2243 3056 absolute
2294 2981 2733 3061 neceflar'ium.
2825 2991 2930 3066 De
2968 2993 3088 3065 hac
3119 2994 3311 3086 plura

376 3110 519 3159 non
549 3084 852 3158 addimus
880 3134 906 3172 ‚
962 3105 1049 3155 ne
1099 3075 1436 3155 infinitum
1481 3074 1695 3153 finitae
1738 3079 1978 3156 nostrae
2027 3084 2268 3157 rationi
2320 3082 2694 3177 subjicicere
2747 3091 3110 3164 videamur.

575 3181 642 3252 V
669 3186 723 3256 Ι.
790 3183 1017 3277 Vulgi>
1067 3181 1134 3250 &
1183 3181 1609 3256 durationem
1651 3177 1960 3270 *statuunt
1999 3179 2355 3255 secundum
2409 3183 2567 3276 quid
2613 3182 2941 3260 infinitam
2970 3278 2973 3281 .
2990 3237 3015 3272 ,
3073 3205 3314 3278 nempe

379 3278 739 3356 secundum
781 3279 990 3357 finem
1014 3330 1042 3369 ,
1104 3276 1347 3351 AEvum
1411 3278 1618 3371 vulgo
1662 3279 2050 3371 appellatam
2105 3329 2130 3367 ,
2187 3278 2632 3372 tribuiturque
2686 3279 2903 3362 rebus,
2936 3284 3317 3378 contingen·-

377 3380 565 3458 tibus
584 3432 610 3469 ‚
660 3385 857 3455 etiam
898 3376 1160 3474 Angelis
1186 3429 1209 3466 ,
1261 3372 1593 3450 mentibus
1613 3424 1639 3462 ‚
1682 3380 1981 3450 materiae
2032 3427 2056 3464 ,
2114 3381 2235 3448 &a
2288 3376 2394 3448 sed
2445 3380 2802 3472 improprie
2851 3382 3108 3457 infinita
3162 3380 3315 3456 dici-

381 3500 500 3553 tur
543 3530 567 3566 ,
619 3505 843 3554 revera
884 3481 1060 3555 enim
1107 3473 1311 3551 finitis
1355 3469 1654 3568 partibus
1687 3474 1985 3554 constat3
2035 3498 2252 3567 neque
2291 3474 2376 3545 ad
2417 3472 2848 3567 quaestionem
2885 3530 2908 3567 ‚
2954 3481 3154 3574 quam
3201 3482 3316 3556 diu

373 3578 731 3652 duraverit
799 3605 979 3652 mens
1043 3602 1193 3651 mea
1242 3628 1266 3664 ‚
1339 3594 1637 3667 unquam
1699 3569 2073 3667 responderi
2125 3574 2368 3666 poterit
2390 3622 2421 3659 ‚‚
2464 3594 2613 3644 eam
2653 3570 2989 3651 infinitum
3044 3577 3312 3653 dur-affe.
3401 3592 3419 3598 “’

375 3666 518 3754 Sed
579 3699 847 3751 eatenus
892 3693 1156 3751 tantum
1192 3672 1325 3749 fine
1383 3690 1559 3747 caret
1589 3722 1614 3761 ,
1664 3672 1818 3764 q'uia
1864 3668 2290 3766 supponimus
2335 3671 2396 3743 D
2429 3692 2471 3744 t
2501 3691 2637 3746 ΠΜ
2690 3670 2939 3771 semper
2980 3679 3116 3772 ejus
3158 3678 3318 3753 exis-

383 3778 672 3851 tmtiam
709 3777 1281 3863 conservaturum,
1331 3771 1401 3846 id
1448 3770 1535 3844 est
1583 3824 1611 3860 ‚
1668 3768 1964 3865 partibus
2010 3770 2371 3850 durationis
2389 3769 2547 3873 alias
2574 3767 2847 3847 subinde
2880 3777 3314 3871 adiecturum,

381 3897 600 3972 prout
643 3877 885 3950 lineam
929 3874 1255 3951 infinitam
1296 3872 1656 3944 diceremus
1689 3920 1713 3957 ,
1765 3895 1918 3965 quae
1973 3894 2315 3964 nunquam
2363 3871 2831 3964 magnitudinis
2890 3879 3054 3952 adeo
3108 3878 3318 3952 deter-

381 3982 671 4050 minatae
710 3975 859 4049 effer
885 4025 911 4062 ‚
967 3977 1127 4070 quin
1170 3995 1372 4046 novae
1410 3971 1502 4043 illi
1550 3969 1869 4045 continuo
1915 3992 2129 4065 partes
2180 3970 2249 4040 in
2289 3965 2621 4042 infinitum
2652 3972 2853 4068 usque
2900 3978 3312 4051 adderentur.

595 4075 667 4146 V
696 4077 730 4147 I
753 4077 817 4148 1.
877 4074 1093 4150 Finita
1150 4070 1412 4148 duratio
1455 4067 1544 4139 est
1583 4119 1610 4156 ,
1671 4093 1825 4162 quae
1872 4070 2189 4141 terminos
2215 4065 2434 4141 habet.
2559 4071 2908 4148 Terminos
2956 4076 3321 4160 durationis

377 4178 677 4252 dicimus
721 4175 1109 4270 principium
1154 4174 1220 4245 &
1246 4165 1449 4242 finem
1481 4215 1509 4253 ‚
1568 4188 1767 4260 prout
1809 4167 2072 4239 termini
2118 4164 2308 4240 lineae
2367 4165 2517 4243 sunt
2550 4176 2878 4264 punitum
2917 4177 3225 4268 incipiens
3255 4175 3323 4245 &

383 4274 657 4350 finiens
755 4273 978 4347 Partes
1028 4267 1388 4348 durationis
1420 4262 1571 4337 sunt
1618 4268 1797 4358 prius
1836 4268 1901 4339 ἃ
1970 4263 2284 4358 posterius
2317 4316 2340 4353 ,
2394 4266 2528 4342 sive
2575 4266 2833 4343 duratio
2899 4267 3102 4360 (haec
3144 4270 3327 4345 enim

387 4375 494 4448 est
530 4391 758 4446 totum
805 4363 1355 4466 homogeneum)
1401 4364 1579 4458 prior
1623 4364 1691 4435 &
1753 4362 2087 4459 posterior.
2195 4364 2374 4438 Sicut
2418 4367 2612 4439 lineae
2659 4387 2874 4460 partes
2926 4366 3079 4438 sunt
3125 4372 3329 4439 lineo-
3403 4431 3409 4437 .

383 4474 490 4547 1ae
544 4468 671 4545 fibi
719 4467 1148 4543 ”succedentes
1173 4518 1197 4555 ,
1269 4464 1650 4540 antecedens
1718 4466 1784 4537 ἃ
1820 4460 2234 4557 consequens.
2349 4463 2528 4539 Hinc
2569 4461 2773 4554 liquet
2824 4515 2848 4552 ‚
2904 4481 3332 4535 momentum

395 4569 949 4649 mathematimm
975 4619 1002 4659 ,
1045 4564 1183 4641 five
1254 4562 1663 4639 existentiam
1721 4563 1817 4640 rei
1884 4576 2417 4652 momentaneam
2456 4581 2717 4660 partem
2776 4559 3141 4635 durationis
3128 4574 3345 4740 mrggg
