4188 5670
895 373 1034 432 102
1416 347 3439 433 D1ssnnr..nnLoo·onrAcn11s

887 534 1047 632 quid
1100 529 1287 607 fateri
1320 532 1646 609 nolumus.
1779 536 2122 611 Nimirum
2175 533 2393 629 pueris
2453 528 2688 606 similes
2732 532 2953 608 sumus
2976 560 3003 616 ς
3061 533 3175 629 qui
3202 576 3224 607 2
3254 517 3525 627 qumdd
3571 526 3804 605 ocnios

891 632 1244 726 claudunt,
1287 630 1349 703 se
1386 635 1424 703 a
1472 638 1735 714 nemine
1794 633 2076 731 conspici
2124 632 2546 708 arbitrantur.
2653 634 2803 706 Iino
2860 658 3025 707 vcro
3073 644 3252 705 certo
3304 627 3516 714 nobis,
3544 630 3816 724 persua-

888 733 1159 804 deamus
1186 780 1207 818 ‚
1279 731 1436 802 alios
1493 758 1629 805 non
1677 751 1936 807 tantum
1996 732 2263 820 videre,
2309 755 2431 806 nos
2469 727 2737 820 erraffie,
2800 730 2908 805 sed
2972 727 3232 825 insuper
3291 729 3515 802 videre
3570 753 3695 800 nos
3742 729 3833 802 ri-.

889 830 1107 901 diculo
1161 827 1411 921 pudore
1453 831 1524 900 in
1569 856 1788 904 errore
1830 830 2278 925 perseverare:
2322 831 2545 903 videre
2565 880 2589 917 ‚
2645 854 2784 903 non
2834 826 2968 902 fine
3022 827 3150 901 risu
3206 832 3273 900 &
3314 825 3489 920 justo
3533 849 3825 901 contern-

891 948 970 999 tu
1006 925 1243 1011 nostri,
1289 927 1437 998 ideo
1494 952 1613 999 uos
1668 950 1931 1002 tantum
1980 931 2051 999 in
2089 930 2254 1001 aviis
2294 928 2553 1003 strenue
2610 947 2878 1024 pergere
2924 977 2952 1017 ‚
2988 930 3031 1000 i.
3085 949 3145 1000 e.
3184 924 3414 999 stukos
3468 920 3589 998 effe
3623 975 3661 1014 7
3716 950 3817 1000 'ne

892 1022 1114 1099 erraffe
1129 1077 1153 1114 ‚
1205 1027 1248 1096 i.
1300 1050 1358 1097 e.
1403 1027 1708 1100 homines
1753 1025 1932 1101 fuifle
1979 1027 2345 1101 videamur.

1090 1222 1179 1294 At
1231 1219 1279 1294 fi
1335 1224 1611 1317 ingenue
1659 1221 2053 1297 confitemur
2081 1274 2107 1311 ‚
2164 1249 2286 1295 nos
2336 1243 2628 1298 mentem
2691 1248 2925 1297 eorum
2955 1273 2979 1310 ‚
3034 1219 3426 1318 quibuscum
3466 1217 3821 1311 disputavi-

894 1341 1077 1402 mus,
1139 1345 1274 1393 non
1323 1318 1467 1393 satis
1518 1321 1930 1396 intellexiffe:
1972 1324 2132 1416 quid
2160 1321 2273 1409 est,
2326 1324 2506 1417 quod
2555 1317 2747 1396 nobis
2794 1319 3235 1417 exprobrent,
3290 1320 3449 1415 quid
3475 1316 3610 1403 est,
3641 1318 3821 1410 quod

893 1416 1144 1490 rideant
1186 1418 1501 1512 sapientes
1521 1426 1554 1485 ?
1614 1422 1740 1492 An„
1773 1415 1951 1515 quod
2001 1421 2110 1491 alii
2156 1420 2456 1494 meliores
2491 1419 2639 1494 sunt
2683 1418 2947 1493 suorum
2974 1472 2997 1507 ‚
3054 1444 3254 1513 quam
3301 1443 3425 1491 nos
3454 1418 3824 1488 alienorum

897 1510 1256 1587 verborum
1282 1565 1306 1602 ‚
1351 1517 1732 1611 interpretes
1769 1518 1802 1589 :²
1842 1543 1926 1592 an
1966 1517 2146 1611 quod
2201 1522 2237 1589 ὲ
2288 1517 2508 1592 verbis
2580 1520 2751 1591 male
2804 1519 3140 1592 intellectis
3199 1516 3443 1589 fuimus
3504 1515 3763 1608 decepti
3782 1517 3831 1587 ?

896 1609 1131 1685 scilicet
1173 1615 1303 1685 hoc
1348 1617 1595 1689 nemini
1651 1613 1947 1711 unquam
2006 1617 2354 1711 contigit?
2407 1619 2577 1708 Qis
2627 1642 2766 1691 non
2816 1620 2943 1690 hoc
2990 1620 3358 1689 humanum
3405 1666 3430 1703 ,
3486 1614 3625 1685 imo
3661 1637 3829 1706 quo-

514 1777 619 1831 Ma
698 1771 832 1826 un?
885 1709 1221 1783 tidianum
1264 1708 1382 1784 effe
1445 1712 1734 1809 agnoscit
1758 1767 1781 1802 ‚
1831 1716 2089 1807 taleque
2112 1766 2135 1801 ‚
2180 1716 2217 1786 ὲ
2260 1739 2395 1810 quo
2443 1714 2566 1788 fibi
2626 1742 2708 1789 ne
2767 1712 3204 1811 sapientiffimi
3255 1714 3520 1811 quidem
3586 1736 3819 1785 cavere

507 1861 591 1911 mi
613 1787 783 1927 353⁸,st
829 1804 854 1818 “
896 1804 1213 1902 poffunt?
1291 1812 1446 1885 Hoc
1508 1837 1668 1887 vero
1711 1839 1847 1888 non
1896 1831 2159 1887 tantum
2204 1811 2499 1903 candidi,
2528 1813 2638 1888 sed
2695 1817 2914 1909 magni
2960 1816 3159 1888 etiam
3202 1813 3405 1885 animi
3431 1809 3546 1896 est,
3578 1805 3629 1881 fi
3654 1814 3827 1904 quis,

514 1940 644 2015 με,
661 1925 830 2013 profi.
900 1906 1117 2000 spreto
1167 1909 1418 2005 ineptae‘
1451 1910 1657 2004 plebis
1705 1912 1833 1986 risu
1857 1964 1881 2000 ,
1936 1909 2229 2006 profiteri
2287 1916 2485 1988 audet
2530 1965 2554 2001 ‚
2620 1912 2685 1985 se
2729 1910 2953 1985 errass'e
3000 1942 3020 1982 .-
3077 1907 3629 2002 certiffimumque
3698 1911 3826 1979 hoc

516 2021 619 2074 teri
649 2015 820 2072 audet
897 2006 1180 2077 hominis
1225 2007 1387 2082 serio
1434 2013 1794 2084 veritatem
1832 2013 2110 2084 amantis
2152 2013 2464 2087 indicium
2516 2011 2623 2085 est.
2771 2013 2948 2085 Cum
3008 2012 3183 2082 enim
3234 2030 3468 2083 omnes
3518 2007 3825 2080 homin-'2³

507 2095 565 2171 Ιέ
588 2093 796 2179 emffi.
897 2100 1240 2199 saepiffnue
1288 2127 1551 2196 errent,
1608 2111 1724 2204 qui
1761 2134 2109 2204 nunquam
2160 2109 2421 2204 poffunt
2460 2109 2582 2184 sibi
2626 2128 3020 2203 extorquere
3073 2107 3186 2180 ista
3226 2106 3432 2181 verba
3470 2156 3497 2193 ,
3562 2114 3776 2178 mavi
3794 2153 3819 2192 ‚

893 2202 1156 2294 deceptus
1193 2204 1395 2295 sum3
1444 2227 1563 2278 aut
1608 2211 1764 2282 caeci
1800 2208 1949 2281 sunt
1972 2256 1995 2293 ,
2065 2231 2182 2280 aut
2238 2208 2543 2283 viliffima
2601 2210 2883 2281 rumoris
2920 2208 3237 2300 mancipia
3262 2237 3291 2294 ,·
3330 2207 3824 2299 quit'oto-eor-

819 2335 825 2341 ·
897 2321 1060 2396 pore
1089 2301 1594 2377 contremiscunt
1620 2359 1642 2394 ‚
1690 2310 2208 2401 quotiescunque
2250 2309 2489 2381 de'illo
2555 2309 2890 2402 cogitant:
2952 2304 3142 2393 Quid
3170 2306 3403 2378 dicent
3448 2302 3753 2374 homines
3777 2298 3817 2372 ἒ

900 2397 1158 2498 prorsus
1211 2422 1290 2477 ut
1328 2403 1504 2476 idem
1542 2404 1721 2497 plebi
1773 2408 1984 2480 dicere
2019 2401 2285 2499 -poffint
2300 2458 2325 2497 ‚
2369 2406 2551 2502 quod
2599 2406 2885 2479 Ovidius
2939 2404 3339 2477 Germanico
3376 2399 3608 2476 Caesari
3635 2448 3667 2487 ‚
3800 2427 3811 2458 ε
3858 2435 3869 2444 ·

1286 2608 1601 2700 Ingenium
1648 2604 1840 2675 vultu
1866 2608 2118 2706 statque
2159 2602 2448 2706 caditque
2494 2622 2622 2680 tuo.

505 2714 716 2865 &aff-³⁰1.
749 2809 801 2856 ι.
900 2795 996 2870 Hi
1050 2820 1389 2893 nunquam
1427 2809 1583 2872 cum
1636 2801 2000 2900 Augustino
2027 2803 2601 2878 Retractationum
2646 2797 2850 2876 libros
2886 2743 3219 2873 ‘scribentt
3275 2745 3713 2892 promiserunt
3752 2813 3817 2866 e:

902 2896 1093 2979 nim,
1145 2894 1314 2969 datis
1365 2894 1705 2972 obsidibus
1731 2954 1754 2989 ‚
1783 2906 1846 2995 «ζ
1870 2906 1936 2975 hi
1981 2901 2131 2974 sunt
2181 2901 2365 2988 libri,
2410 2927 2579 2995 quos
2613 2899 2961 2973 emiserunt
2984 2896 3071 2989 ‚)
3117 2894 3337 2992 plebi,
3389 2900 3427 2966 ὲ
3478 2897 3692 2987 '‘cuju-‘²
3723 2895 3825 2985 ju·

910 2990 1084 3065 dicio
1113 2994 1438 3087 pendent,
1491 2991 1554 3066 se
1605 3016 1852 3071 errores
1901 3001 2047 3071 suos
2107 3000 2189 3070 ad
2235 3000 2546 3071 ultimum
2619 3022 2826 3092 usque
2880 3000 3045 3070 vitae
3101 2996 3376 3068 halitum
3427 2991 3827 3073 defensuros·

523 3229 814 3319 Restm&
901 3234 924 3257 ο
1108 3190 1240 3265 Hic
1263 3192 1410 3263 'non
1450 3187 1535 3265 ab
1575 3218 1643 3266 re
1690 3196 1813 3271 erit
1843 3218 2180 3290 quaerere:
2211 3217 2602 3295 nunquamne
2623 3201 2816 3292 igitur
2842 3197 3053 3269 'alicui
3076 3192 3272 3267 tribui
3305 3189 3482 3283 poffit
3524 3190 3711 3284 opinio
3736 3188 3830 3292 ‚Ji

526 3318 622 3380 nir
654 3315 727 3375 ad
914 3315 1043 3389 qua
1058 3289 1130 3382 fi
1177 3292 1441 3367 alienum
1487 3288 1602 3385 ‘ff’
1643 3292 1817 3369 dicit.
1914 3297 2082 3371 Saue
2135 3295 2325 3372 licere
2356 3294 2423 3367 id
2453 3320 2483 3380 ‚2
2538 3296 2801 3387 quando
2856 3297 3240 3386 protestatem,
3285 3292 3385 3362 uti
3432 3291 3823 3382 loquuntur}

527 3397 775 3482 quaestio·
914 3390 1216 3504 manifesto
1236 3392 1419 3487 saffo
1453 3393 1531 3481 est
1578 3402 1916 3484 contraria,
1965 3396 2229 3467 nullum·
2262 3392 2353 3467 est
2400 3391 2681 3467 dubium
2722 3420 2740 3462 t
2790 3390 3018 3468 frustra
3066 3393 3243 3463 enim
3287 3386 3500 3462 verbis
3548 3382 3586 3451 a
3634 3404 3702 3456 te
3751 3408 3823 3456 a·

431 3543 442 3551 .
527 3500 689 3541 ”²⁶⁸³
719 3477 806 3533 ‘¹¹'
907 3488 1133 3560 moliri
1177 3492 1429 3563 conaris
1479 3488 1859 3569 sententiam
1885 3544 1907 3585 ‚
1973 3519 2173 3588 quam
2226 3491 2403 3567 facto
2444 3490 2579 3587 ipso
2611 3491 2847 3565 fateris.
2953 3491 3159 3563 Extra
3185 3490 3361 3560 hunc
3400 3508 3560 3558 vero
3594 3481 3829 3581 casum

525 3571 810 3662 nunquan}
914 3607 1154 3678 magna
1204 3587 1297 3659 est
1348 3590 1652 3664 cautione
1681 3619 1865 3687 opus.
1938 3594 2004 3669 Si
2053 3591 2260 3665 verba
2302 3593 2588 3687 auctoris
2634 3638 2661 3676 ,
2714 3584 3125 3662 consideratis
3183 3582 3495 3659 omnibus
3548 3634 3571 3670 ,
3622 3582 3823 3674 idque

523 3727 620 3785 bm·
639 3741 712 3807 P„
748 3735 797 3780 ,3
915 3677 1051 3753 fine
1114 3685 1494 3779 praejudicio
1549 3693 1614 3761 &
1701 3687 1940 3762 affectu
1997 3690 2118 3762 isto
2168 3742 2191 3777 ‚
2241 3716 2396 3785 quae
2444 3694 2481 3758 a
2532 3686 2715 3758 bono
2792 3687 3142 3780 interprete
3206 3686 3355 3756 sunt
3417 3679 3830 3755 confideran-

521 3797 806 3891 opinio&
909 3779 1000 3850 fia
1026 3831 1052 3868 ‚
1103 3785 1360 3857 nullum
1398 3787 1641 3872 alium,
1697 3810 1899 3880 quam
1974 3812 2176 3878 quem
2268 3813 2389 3862 nos
2436 3786 2555 3857 illis
2607 3779 2956 3856 tribuimus
3002 3837 3025 3873 ‚
3088 3781 3343 3858 sensum
3388 3782 3756 3854 admittunt
3805 3804 3829 3849 r

524 3888 719 3971 ΕΜΓ*
917 3877 984 3951 Si
1031 3880 1428 3959 adversarius
1474 3882 1686 3956 noster
1741 3884 2153 3981 proprietatis
2200 3884 2561 3966 verborum
2610 3884 2859 3976 peritus
2902 3934 2925 3971 ‚
2985 3885 3242 3957 locutus
3313 3879 3407 3952 est
3462 3883 3555 3952 ita
3618 3879 3837 3951 medi-

523 3972 763 4068 alienun·
913 3993 1048 4048 tate
1084 4029 1110 4067 ,
1146 4006 1333 4056 extra
1384 3979 1832 4075 disputationis
1903 3981 2132 4057 aestum
2147 4032 2172 4070 ,
2236 3980 2353 4054 ubi
2404 3979 2609 4054 verba
2661 3979 2831 4078 saepe
2879 4001 3170 4057 mentem
3218 3998 3633 4075 praecurrunt
3668 4027 3703 4056 .,
3763 4001 3835 4049 a-

521 4053 615 4135 'ff‘
638 4054 773 4115 ἀφ’
791 4047 819 4107 ⁷
917 4076 1103 4149 nimo
1164 4077 1388 4154 sereno
1412 4129 1435 4164 ‚
1489 4099 1688 4173 atque
1736 4083 1774 4153 ὲ
1817 4080 2309 4177 perturbatione
2359 4105 2571 4154 vacuo
2616 4109 2635 4153 ε
2712 4085 2779 4156 Si
2813 4082 3090 4177 denique
3139 4098 3363 4176 aperta
3423 4077 3516 4150 est
3568 4072 3836 4156 cauffa,

907 4196 1107 4264 quare
1147 4173 1327 4269 suam
1369 4174 1751 4252 sententiam
1796 4201 2010 4276 tegere
2044 4183 2204 4255 velit
2236 4210 2262 4266 ,-
2302 4200 2463 4275 puta
2515 4178 2651 4276 spes
2704 4177 2966 4275 insignis
3005 4180 3167 4254 boni
3188 4231 3212 4268 ‚
3265 4200 3381 4254 aut
3421 4197 3636 4249 metus
3682 4199 3839 4247 ma-

906 4271 1020 4386 gni
1064 4274 1425 4375 cujuspiam
1474 4277 1648 4350 mali·
1793 4281 1963 4355 Haeo
2014 4282 2140 4354 tria
2202 4280 2465 4376 quando
2514 4298 2911 4355 concurrunt
2974 4330 2998 4367 ‚
3051 4304 3191 4352 non
3261 4277 3549 4375 impedio
3599 4324 3625 4361 ‚
3683 4273 3841 4368 qu'o

904 4390 1122 4443 miuus
1207 4377 1397 4451 alicui
1466 4390 1944 4476 nonnunquam
2006 4378 2336 4453 tribuatur
2387 4376 2698 4453 sententia
2742 4431 2767 4468 ,
2853 4379 2889 4447 ὁ
2939 4398 3069 4472 qua
3121 4376 3184 4451 se
3234 4377 3585 4450 abhorrere
3687 4372 3843 4463 jao-

905 4485 1029 4543 wt-
1128 4472 1274 4550 Nifi
1323 4501 1485 4553 vero
1546 4480 1690 4553 haec
1737 4476 2241 4554 manifestiffime
2302 4497 2692 4551 concurrant
2725 4526 2748 4559 ,
2809 4477 3004 4571 longe
3053 4477 3258 4550 tutius
3306 4477 3400 4550 est
3437 4524 3462 4564 ,
3527 4490 3605 4543 ut
3656 4467 3843 4575 sem.

907 4586 1022 4667 per
1101 4577 1426 4668 patiamur
1475 4629 1498 4666 ‚
1553 4578 1916 4674 quemlibet
2005 4576 2368 4652 verborum
2439 4568 2706 4650 suorum
2783 4575 3207 4670 interpretem
3287 4572 3461 4648 effe:
3526 4568 3842 4664 nihilque

907 4660 1092 4749 alteri
1160 4674 1524 4765 tribuamus
1549 4728 1578 4770 ‚
1628 4674 1751 4756 nifi
1837 4676 2017 4777 quod
2061 4716 2089 4771 5
2170 4693 2249 4750 ut
2298 4673 2543 4776 filiun,
2613 4670 2901 4769 agnoscit
2951 4703 2980 4760 ς
3029 4675 3223 4770 longe
3285 4676 3352 4747 δι
3402 4670 3847 4840 hominghnf}
