<?xml version="1.0" encoding="UTF-8"?>
<!DOCTYPE html PUBLIC "-//W3C//DTD XHTML 1.0 Transitional//EN"
    "http://www.w3.org/TR/xhtml1/DTD/xhtml1-transitional.dtd">
<html xmlns="http://www.w3.org/1999/xhtml" xml:lang="en" lang="en">
 <head>
  <title>
</title>
<meta http-equiv="Content-Type" content="text/html;charset=utf-8" />
  <meta name='ocr-system' content='tesseract 3.04.00' />
  <meta name='ocr-capabilities' content='ocr_page ocr_carea ocr_par ocr_line ocrx_word'/>
</head>
<body>
  <div class='ocr_page' id='page_1' title='image "./opusculatheolog00weregoog/opusculatheolog00weregoog_0592.png"; bbox 0 0 4188 5670; ppageno 0'>
   <div class='ocr_carea' id='block_1_1' title="bbox 804 406 2676 533">
    <p class='ocr_par' dir='ltr' id='par_1_1' title="bbox 804 406 2676 533">
     <span class='ocr_line' id='line_1_1' title="bbox 804 406 2676 533; baseline -0.01 -23"><span class='ocrx_word' id='word_1_1' title='bbox 804 434 967 510; x_wconf 75' lang='lat'>544</span> <span class='ocrx_word' id='word_1_2' title='bbox 1851 406 2676 533; x_wconf 48' lang='lat' dir='ltr'>fuerentur</span> 
     </span>
    </p>
   </div>
   <div class='ocr_carea' id='block_1_2' title="bbox 911 570 3666 3258">
    <p class='ocr_par' dir='ltr' id='par_1_2' title="bbox 911 570 3620 3258">
     <span class='ocr_line' id='line_1_2' title="bbox 1116 570 2886 681; baseline -0.005 -20"><span class='ocrx_word' id='word_1_3' title='bbox 1116 676 1121 681; x_wconf 73' lang='lat'>.</span> <span class='ocrx_word' id='word_1_4' title='bbox 1297 577 1663 660; x_wconf 78' lang='lat' dir='ltr'>Invenies</span> <span class='ocrx_word' id='word_1_5' title='bbox 1716 574 2023 658; x_wconf 84' lang='lat' dir='ltr'>nullam</span> <span class='ocrx_word' id='word_1_6' title='bbox 2067 574 2358 657; x_wconf 81' lang='lat' dir='ltr'>talibus</span> <span class='ocrx_word' id='word_1_7' title='bbox 2401 573 2555 656; x_wconf 82' lang='lat' dir='ltr'>effe</span> <span class='ocrx_word' id='word_1_8' title='bbox 2602 570 2886 654; x_wconf 55' lang='lat' dir='ltr'>fidem}</span> 
     </span>
     <span class='ocr_line' id='line_1_3' title="bbox 1060 689 3235 804; baseline -0.002 -28"><span class='ocrx_word' id='word_1_9' title='bbox 1060 693 1326 779; x_wconf 83' lang='lat' dir='ltr'>Crede</span> <span class='ocrx_word' id='word_1_10' title='bbox 1364 695 1621 786; x_wconf 89' lang='lat' dir='ltr'>mihi,</span> <span class='ocrx_word' id='word_1_11' title='bbox 1683 719 1833 801; x_wconf 88' lang='lat' dir='ltr'>pro</span> <span class='ocrx_word' id='word_1_12' title='bbox 1889 717 2056 800; x_wconf 90' lang='lat' dir='ltr'>quo</span> <span class='ocrx_word' id='word_1_13' title='bbox 2097 692 2487 804; x_wconf 76' lang='lat' dir='ltr'>gratantia</span> <span class='ocrx_word' id='word_1_14' title='bbox 2531 689 2773 775; x_wconf 81' lang='lat' dir='ltr'>verba</span> <span class='ocrx_word' id='word_1_15' title='bbox 2806 702 3235 799; x_wconf 55' lang='lat' dir='ltr'>parantum·</span> 
     </span>
     <span class='ocr_line' id='line_1_4' title="bbox 1343 805 3460 921; baseline 0 -30"><span class='ocrx_word' id='word_1_16' title='bbox 1343 811 1811 895; x_wconf 87' lang='lat' dir='ltr'>Verborum</span> <span class='ocrx_word' id='word_1_17' title='bbox 1858 806 2074 890; x_wconf 86' lang='lat' dir='ltr'>haud</span> <span class='ocrx_word' id='word_1_18' title='bbox 2124 834 2469 891; x_wconf 89' lang='lat' dir='ltr'>numero</span> <span class='ocrx_word' id='word_1_19' title='bbox 2500 807 2828 916; x_wconf 61' lang='lat' dir='ltr'>pectora</span> <span class='ocrx_word' id='word_1_20' title='bbox 2873 807 3034 890; x_wconf 85' lang='lat' dir='ltr'>fida</span> <span class='ocrx_word' id='word_1_21' title='bbox 3078 805 3398 921; x_wconf 87' lang='lat' dir='ltr'>probat.</span> <span class='ocrx_word' id='word_1_22' title='bbox 3439 886 3460 899; x_wconf 73' lang='grc'>.,</span> 
     </span>
     <span class='ocr_line' id='line_1_5' title="bbox 1069 924 3090 1035; baseline -0.003 -23"><span class='ocrx_word' id='word_1_23' title='bbox 1069 933 1351 1012; x_wconf 82' lang='lat' dir='ltr'>Cernis</span> <span class='ocrx_word' id='word_1_24' title='bbox 1399 928 1866 1010; x_wconf 79' lang='lat' dir='ltr'><strong>adulantem</strong></span> <span class='ocrx_word' id='word_1_25' title='bbox 1906 984 1931 1020; x_wconf 88' lang='lat'><strong>,</strong></span> <span class='ocrx_word' id='word_1_26' title='bbox 1998 928 2324 1035; x_wconf 84' lang='lat' dir='ltr'>quoties</span> <span class='ocrx_word' id='word_1_27' title='bbox 2359 927 2672 1035; x_wconf 76' lang='lat' dir='ltr'>augeris&#39;</span> <span class='ocrx_word' id='word_1_28' title='bbox 2723 924 3090 1023; x_wconf 89' lang='lat' dir='ltr'>honore3</span> 
     </span>
     <span class='ocr_line' id='line_1_6' title="bbox 1296 1039 3105 1127; baseline -0.002 0"><span class='ocrx_word' id='word_1_29' title='bbox 1296 1047 1465 1127; x_wconf 85' lang='lat' dir='ltr'>Cui</span> <span class='ocrx_word' id='word_1_30' title='bbox 1503 1044 1710 1125; x_wconf 90' lang='lat' dir='ltr'>forte</span> <span class='ocrx_word' id='word_1_31' title='bbox 1752 1039 2106 1126; x_wconf 81' lang='lat' dir='ltr'>invisus,</span> <span class='ocrx_word' id='word_1_32' title='bbox 2172 1041 2302 1123; x_wconf 82' lang='lat' dir='ltr'>vel</span> <span class='ocrx_word' id='word_1_33' title='bbox 2351 1041 2563 1121; x_wconf 88' lang='lat' dir='ltr'>male</span> <span class='ocrx_word' id='word_1_34' title='bbox 2601 1062 2848 1121; x_wconf 84' lang='lat' dir='ltr'>notus</span> <span class='ocrx_word' id='word_1_35' title='bbox 2893 1068 3105 1124; x_wconf 79' lang='lat' dir='ltr'>eras:</span> 
     </span>
     <span class='ocr_line' id='line_1_7' title="bbox 1073 1155 3139 1253; baseline -0.002 -8"><span class='ocrx_word' id='word_1_36' title='bbox 1073 1164 1357 1246; x_wconf 82' lang='lat' dir='ltr'>Cernis</span> <span class='ocrx_word' id='word_1_37' title='bbox 1413 1159 1973 1253; x_wconf 82' lang='lat' dir='ltr'>anhelantem3</span> <span class='ocrx_word' id='word_1_38' title='bbox 2038 1159 2246 1239; x_wconf 90' lang='lat' dir='ltr'>nulli</span> <span class='ocrx_word' id='word_1_39' title='bbox 2283 1157 2460 1240; x_wconf 88' lang='lat' dir='ltr'>vult</span> <span class='ocrx_word' id='word_1_40' title='bbox 2507 1155 2663 1238; x_wconf 81' lang='lat' dir='ltr'>effe</span> <span class='ocrx_word' id='word_1_41' title='bbox 2700 1155 3139 1241; x_wconf 72' lang='lat' dir='ltr'>secundus</span> 
     </span>
     <span class='ocr_line' id='line_1_8' title="bbox 1308 1273 2674 1392; baseline -0.006 -31"><span class='ocrx_word' id='word_1_42' title='bbox 1308 1274 1553 1392; x_wconf 68' lang='lat' dir='ltr'>AEgre</span> <span class='ocrx_word' id='word_1_43' title='bbox 1604 1275 1877 1359; x_wconf 81' lang='lat' dir='ltr'>laetitia</span> <span class='ocrx_word' id='word_1_44' title='bbox 1940 1273 2264 1356; x_wconf 88' lang='lat' dir='ltr'>cederet</span> <span class='ocrx_word' id='word_1_45' title='bbox 2305 1274 2443 1354; x_wconf 93' lang='lat' dir='ltr'>ille</span> <span class='ocrx_word' id='word_1_46' title='bbox 2479 1274 2674 1355; x_wconf 87' lang='lat' dir='ltr'>tibi:</span> 
     </span>
     <span class='ocr_line' id='line_1_9' title="bbox 934 1391 3329 1505; baseline -0.005 -25"><span class='ocrx_word' id='word_1_47' title='bbox 934 1460 945 1467; x_wconf 88' lang='lat'>-</span> <span class='ocrx_word' id='word_1_48' title='bbox 1071 1403 1424 1480; x_wconf 83' lang='lat' dir='ltr'>Dextera</span> <span class='ocrx_word' id='word_1_49' title='bbox 1476 1394 1982 1505; x_wconf 84' lang='lat' dir='ltr'>porrigitur3</span> <span class='ocrx_word' id='word_1_50' title='bbox 2046 1391 2479 1472; x_wconf 62' lang='lat' dir='ltr'>fleetuntur</span> <span class='ocrx_word' id='word_1_51' title='bbox 2511 1416 2902 1501; x_wconf 74' lang='lat' dir='ltr'>corpora3</span> <span class='ocrx_word' id='word_1_52' title='bbox 2965 1410 3329 1497; x_wconf 83' lang='lat' dir='ltr'>moxque</span> 
     </span>
     <span class='ocr_line' id='line_1_10' title="bbox 1303 1504 2978 1621; baseline -0.004 -26"><span class='ocrx_word' id='word_1_53' title='bbox 1303 1509 1679 1596; x_wconf 82' lang='lat' dir='ltr'>Formula</span> <span class='ocrx_word' id='word_1_54' title='bbox 1711 1507 2085 1621; x_wconf 80' lang='lat' dir='ltr'>gratandi</span> <span class='ocrx_word' id='word_1_55' title='bbox 2114 1504 2690 1619; x_wconf 82' lang='lat' dir='ltr'>sesquipedalis</span> <span class='ocrx_word' id='word_1_56' title='bbox 2738 1506 2978 1589; x_wconf 82' lang='lat' dir='ltr'>adest.</span> 
     </span>
     <span class='ocr_line' id='line_1_11' title="bbox 911 1620 3097 1738; baseline -0.003 -27"><span class='ocrx_word' id='word_1_57' title='bbox 911 1671 914 1675; x_wconf 46' lang='grc'><em>’</em></span> <span class='ocrx_word' id='word_1_58' title='bbox 1071 1631 1375 1721; x_wconf 86' lang='lat' dir='ltr'>Dicere</span> <span class='ocrx_word' id='word_1_59' title='bbox 1416 1656 1567 1738; x_wconf 88' lang='lat' dir='ltr'>pro</span> <span class='ocrx_word' id='word_1_60' title='bbox 1616 1627 1885 1709; x_wconf 76' lang='lat' dir='ltr'>rostris</span> <span class='ocrx_word' id='word_1_61' title='bbox 1928 1623 2129 1706; x_wconf 85' lang='lat' dir='ltr'>dum</span> <span class='ocrx_word' id='word_1_62' title='bbox 2174 1625 2493 1706; x_wconf 81' lang='lat' dir='ltr'>Tullius</span> <span class='ocrx_word' id='word_1_63' title='bbox 2533 1620 2702 1707; x_wconf 87' lang='lat' dir='ltr'>iste</span> <span class='ocrx_word' id='word_1_64' title='bbox 2717 1623 3097 1709; x_wconf 81' lang='lat' dir='ltr'>videtur,</span> 
     </span>
     <span class='ocr_line' id='line_1_12' title="bbox 1344 1734 3201 1852; baseline -0.002 -24"><span class='ocrx_word' id='word_1_65' title='bbox 1344 1748 1752 1844; x_wconf 83' lang='lat' dir='ltr'>Quaeritur</span> <span class='ocrx_word' id='word_1_66' title='bbox 1806 1734 2112 1824; x_wconf 80' lang='lat' dir='ltr'>interea</span> <span class='ocrx_word' id='word_1_67' title='bbox 2163 1768 2307 1850; x_wconf 86' lang='lat' dir='ltr'>par</span> <span class='ocrx_word' id='word_1_68' title='bbox 2338 1768 2675 1852; x_wconf 90' lang='lat' dir='ltr'>quoque</span> <span class='ocrx_word' id='word_1_69' title='bbox 2719 1739 2985 1825; x_wconf 89' lang='lat' dir='ltr'>sermo</span> <span class='ocrx_word' id='word_1_70' title='bbox 3024 1743 3201 1825; x_wconf 87' lang='lat' dir='ltr'>tibi.</span> 
     </span>
     <span class='ocr_line' id='line_1_13' title="bbox 1077 1856 3192 1974; baseline -0.002 -25"><span class='ocrx_word' id='word_1_71' title='bbox 1077 1870 1275 1951; x_wconf 82' lang='lat' dir='ltr'>Haec</span> <span class='ocrx_word' id='word_1_72' title='bbox 1330 1863 1683 1974; x_wconf 64' lang='lat' dir='ltr'>suspecta</span> <span class='ocrx_word' id='word_1_73' title='bbox 1714 1861 1922 1943; x_wconf 85' lang='lat' dir='ltr'>mihi</span> <span class='ocrx_word' id='word_1_74' title='bbox 1963 1858 2074 1940; x_wconf 91' lang='lat' dir='ltr'>est</span> <span class='ocrx_word' id='word_1_75' title='bbox 2109 1856 2552 1957; x_wconf 79' lang='lat' dir='ltr'>facundia,</span> <span class='ocrx_word' id='word_1_76' title='bbox 2615 1857 2884 1941; x_wconf 86' lang='lat' dir='ltr'>nullus</span> <span class='ocrx_word' id='word_1_77' title='bbox 2923 1863 3192 1944; x_wconf 85' lang='lat' dir='ltr'>amori</span> 
     </span>
     <span class='ocr_line' id='line_1_14' title="bbox 1353 1973 3399 2089; baseline -0 -27"><span class='ocrx_word' id='word_1_78' title='bbox 1353 1984 1514 2063; x_wconf 88' lang='lat' dir='ltr'>Hie</span> <span class='ocrx_word' id='word_1_79' title='bbox 1568 1979 1799 2059; x_wconf 81' lang='lat' dir='ltr'>locus</span> <span class='ocrx_word' id='word_1_80' title='bbox 1827 1976 2014 2070; x_wconf 88' lang='lat' dir='ltr'>est</span> <span class='ocrx_word' id='word_1_81' title='bbox 2080 2003 2508 2087; x_wconf 84' lang='lat' dir='ltr'>nunquam</span> <span class='ocrx_word' id='word_1_82' title='bbox 2547 1974 2652 2059; x_wconf 86' lang='lat' dir='ltr'>fic</span> <span class='ocrx_word' id='word_1_83' title='bbox 2706 1973 2912 2061; x_wconf 84' lang='lat' dir='ltr'>solet</span> <span class='ocrx_word' id='word_1_84' title='bbox 2960 1977 3096 2059; x_wconf 87' lang='lat' dir='ltr'>ille</span> <span class='ocrx_word' id='word_1_85' title='bbox 3132 1979 3399 2089; x_wconf 82' lang='lat' dir='ltr'>loqui.</span> 
     </span>
     <span class='ocr_line' id='line_1_15' title="bbox 1084 2082 3584 2211; baseline 0.001 -27"><span class='ocrx_word' id='word_1_86' title='bbox 1084 2101 1320 2211; x_wconf 82' lang='lat' dir='ltr'>Qin</span> <span class='ocrx_word' id='word_1_87' title='bbox 1361 2097 1565 2206; x_wconf 82' lang='lat' dir='ltr'>saepe</span> <span class='ocrx_word' id='word_1_88' title='bbox 1616 2097 1837 2177; x_wconf 85' lang='lat' dir='ltr'>hunc</span> <span class='ocrx_word' id='word_1_89' title='bbox 1889 2092 2216 2177; x_wconf 72' lang='lat' dir='ltr'>tacuisse</span> <span class='ocrx_word' id='word_1_90' title='bbox 2249 2100 2533 2200; x_wconf 84' lang='lat' dir='ltr'>juvat,</span> <span class='ocrx_word' id='word_1_91' title='bbox 2597 2082 3134 2206; x_wconf 82' lang='lat' dir='ltr'>loquiturque</span> <span class='ocrx_word' id='word_1_92' title='bbox 3175 2099 3584 2198; x_wconf 82' lang='lat' dir='ltr'>tacendo,‘</span> 
     </span>
     <span class='ocr_line' id='line_1_16' title="bbox 1352 2208 3336 2324; baseline -0.001 -26"><span class='ocrx_word' id='word_1_93' title='bbox 1352 2215 1726 2321; x_wconf 58' lang='lat' dir='ltr'>Fictaque</span> <span class='ocrx_word' id='word_1_94' title='bbox 1760 2237 1925 2293; x_wconf 82' lang='lat' dir='ltr'>vox</span> <span class='ocrx_word' id='word_1_95' title='bbox 1961 2208 2328 2321; x_wconf 87' lang='lat' dir='ltr'>sequitur</span> <span class='ocrx_word' id='word_1_96' title='bbox 2370 2211 2732 2324; x_wconf 82' lang='lat' dir='ltr'>gaudia</span> <span class='ocrx_word' id='word_1_97' title='bbox 2798 2226 2986 2296; x_wconf 81' lang='lat' dir='ltr'>vera</span> <span class='ocrx_word' id='word_1_98' title='bbox 3035 2213 3336 2323; x_wconf 89' lang='lat' dir='ltr'>stupor.</span> 
     </span>
     <span class='ocr_line' id='line_1_17' title="bbox 1087 2327 3322 2463; baseline -0.002 -45"><span class='ocrx_word' id='word_1_99' title='bbox 1087 2333 1440 2418; x_wconf 85' lang='lat' dir='ltr'>Rettulit</span> <span class='ocrx_word' id='word_1_100' title='bbox 1484 2330 1623 2413; x_wconf 83' lang='lat' dir='ltr'>ista</span> <span class='ocrx_word' id='word_1_101' title='bbox 1663 2328 1874 2463; x_wconf 79' lang='lat' dir='ltr'>mihi</span> <span class='ocrx_word' id='word_1_102' title='bbox 1909 2331 2468 2437; x_wconf 82' lang='lat' dir='ltr'>nequicquam</span> <span class='ocrx_word' id='word_1_103' title='bbox 2506 2327 2762 2410; x_wconf 84' lang='lat' dir='ltr'>multa</span> <span class='ocrx_word' id='word_1_104' title='bbox 2802 2337 3224 2436; x_wconf 83' lang='lat' dir='ltr'>querenti,</span> <span class='ocrx_word' id='word_1_105' title='bbox 3313 2342 3322 2349; x_wconf 83' lang='grc'><strong><em>’</em></strong></span> 
     </span>
     <span class='ocr_line' id='line_1_18' title="bbox 1356 2439 3287 2555; baseline -0.001 -26"><span class='ocrx_word' id='word_1_106' title='bbox 1356 2457 1636 2555; x_wconf 80' lang='lat' dir='ltr'>Atque</span> <span class='ocrx_word' id='word_1_107' title='bbox 1685 2446 1796 2527; x_wconf 80' lang='lat' dir='ltr'>ita</span> <span class='ocrx_word' id='word_1_108' title='bbox 1843 2439 2219 2526; x_wconf 85' lang='lat' dir='ltr'>delusum</span> <span class='ocrx_word' id='word_1_109' title='bbox 2288 2441 2510 2526; x_wconf 82' lang='lat' dir='ltr'>Musa</span> <span class='ocrx_word' id='word_1_110' title='bbox 2546 2444 2948 2552; x_wconf 88' lang='lat' dir='ltr'>reliquit</span> <span class='ocrx_word' id='word_1_111' title='bbox 2926 2470 3163 2529; x_wconf 79' lang='lat' dir='ltr'>iners.</span> <span class='ocrx_word' id='word_1_112' title='bbox 3275 2454 3287 2505; x_wconf 62' lang='grc' dir='ltr'><em>ἕ</em></span> 
     </span>
     <span class='ocr_line' id='line_1_19' title="bbox 1092 2560 3429 2676; baseline -0.004 -24"><span class='ocrx_word' id='word_1_113' title='bbox 1092 2567 1358 2652; x_wconf 81' lang='lat' dir='ltr'>Invita</span> <span class='ocrx_word' id='word_1_114' title='bbox 1391 2566 1543 2646; x_wconf 85' lang='lat' dir='ltr'>hac</span> <span class='ocrx_word' id='word_1_115' title='bbox 1582 2586 1851 2671; x_wconf 88' lang='lat' dir='ltr'>neque</span> <span class='ocrx_word' id='word_1_116' title='bbox 1891 2561 2122 2671; x_wconf 82' lang='lat' dir='ltr'>plura</span> <span class='ocrx_word' id='word_1_117' title='bbox 2169 2560 2360 2644; x_wconf 88' lang='lat' dir='ltr'>licet</span> <span class='ocrx_word' id='word_1_118' title='bbox 2394 2562 2602 2644; x_wconf 88' lang='lat' dir='ltr'>mihi</span> <span class='ocrx_word' id='word_1_119' title='bbox 2655 2560 2989 2657; x_wconf 87' lang='lat' dir='ltr'>dicere,</span> <span class='ocrx_word' id='word_1_120' title='bbox 3054 2567 3429 2676; x_wconf 71' lang='lat' dir='ltr'>quamvis</span> 
     </span>
     <span class='ocr_line' id='line_1_20' title="bbox 1308 2678 3186 2787; baseline -0.001 -21.982"><span class='ocrx_word' id='word_1_121' title='bbox 1308 2686 1501 2765; x_wconf 84' lang='lat' dir='ltr'>Hac</span> <span class='ocrx_word' id='word_1_122' title='bbox 1570 2682 1816 2762; x_wconf 86' lang='lat' dir='ltr'>etiam</span> <span class='ocrx_word' id='word_1_123' title='bbox 1868 2681 2120 2765; x_wconf 80' lang='lat' dir='ltr'>invita</span> <span class='ocrx_word' id='word_1_124' title='bbox 2172 2678 2443 2761; x_wconf 85' lang='lat' dir='ltr'>dicere</span> <span class='ocrx_word' id='word_1_125' title='bbox 2482 2678 2710 2787; x_wconf 82' lang='lat' dir='ltr'>plura</span> <span class='ocrx_word' id='word_1_126' title='bbox 2774 2679 3186 2763; x_wconf 84' lang='lat' dir='ltr'>velim..</span> 
     </span>
     <span class='ocr_line' id='line_1_21' title="bbox 1093 2792 3311 2909; baseline -0 -23"><span class='ocrx_word' id='word_1_127' title='bbox 1093 2805 1694 2895; x_wconf 73' lang='grc' dir='ltr'>ΒΑιῚ-ιιιιιί,</span> <span class='ocrx_word' id='word_1_128' title='bbox 1758 2798 1902 2908; x_wconf 87' lang='lat' dir='ltr'>qui</span> <span class='ocrx_word' id='word_1_129' title='bbox 1949 2794 2265 2906; x_wconf 88' lang='lat' dir='ltr'>semper</span> <span class='ocrx_word' id='word_1_130' title='bbox 2296 2823 2462 2879; x_wconf 79' lang='lat' dir='ltr'>eras</span> <span class='ocrx_word' id='word_1_131' title='bbox 2504 2792 2977 2909; x_wconf 87' lang='lat' dir='ltr'>dignoscere</span> <span class='ocrx_word' id='word_1_132' title='bbox 3033 2820 3311 2886; x_wconf 75' lang='lat' dir='ltr'>cautus</span> 
     </span>
     <span class='ocr_line' id='line_1_22' title="bbox 1367 2911 3666 3032; baseline 0.002 -35"><span class='ocrx_word' id='word_1_133' title='bbox 1367 2912 1622 3008; x_wconf 85' lang='lat' dir='ltr'>Illud,</span> <span class='ocrx_word' id='word_1_134' title='bbox 1688 2911 1923 3025; x_wconf 88' lang='lat' dir='ltr'>quod</span> <span class='ocrx_word' id='word_1_135' title='bbox 1971 2912 2329 2997; x_wconf 87' lang='lat' dir='ltr'>solidum</span> <span class='ocrx_word' id='word_1_136' title='bbox 2395 2914 2564 3022; x_wconf 82' lang='lat' dir='ltr'>est,</span> <span class='ocrx_word' id='word_1_137' title='bbox 2627 2920 2710 2997; x_wconf 75' lang='grc' dir='ltr'>δι</span> <span class='ocrx_word' id='word_1_138' title='bbox 2762 2916 2996 3023; x_wconf 85' lang='lat' dir='ltr'>quod</span> <span class='ocrx_word' id='word_1_139' title='bbox 3051 2918 3294 3004; x_wconf 75' lang='lat' dir='ltr'>inane</span> <span class='ocrx_word' id='word_1_140' title='bbox 3345 2939 3666 3032; x_wconf 79' lang='lat' dir='ltr'>crepat3</span> 
     </span>
     <span class='ocr_line' id='line_1_23' title="bbox 1094 3028 3056 3142; baseline -0.002 -24"><span class='ocrx_word' id='word_1_141' title='bbox 1094 3039 1224 3118; x_wconf 81' lang='lat' dir='ltr'>Da</span> <span class='ocrx_word' id='word_1_142' title='bbox 1260 3035 1629 3118; x_wconf 78' lang='lat' dir='ltr'>veniam,</span> <span class='ocrx_word' id='word_1_143' title='bbox 1692 3030 1750 3111; x_wconf 78' lang='lat' dir='ltr'>fi</span> <span class='ocrx_word' id='word_1_144' title='bbox 1796 3028 2091 3112; x_wconf 86' lang='lat' dir='ltr'>nostra</span> <span class='ocrx_word' id='word_1_145' title='bbox 2105 3052 2277 3110; x_wconf 84' lang='lat' dir='ltr'>tuas</span> <span class='ocrx_word' id='word_1_146' title='bbox 2336 3032 2737 3142; x_wconf 83' lang='lat' dir='ltr'>attingere</span> <span class='ocrx_word' id='word_1_147' title='bbox 2778 3030 3056 3115; x_wconf 74' lang='lat' dir='ltr'>laudes</span> 
     </span>
     <span class='ocr_line' id='line_1_24' title="bbox 1337 3142 3174 3258; baseline -0.002 -24"><span class='ocrx_word' id='word_1_148' title='bbox 1337 3144 1561 3234; x_wconf 82' lang='lat' dir='ltr'>Musa</span> <span class='ocrx_word' id='word_1_149' title='bbox 1600 3148 1876 3229; x_wconf 89' lang='lat' dir='ltr'>timet.</span> <span class='ocrx_word' id='word_1_150' title='bbox 1942 3142 2128 3229; x_wconf 83' lang='lat' dir='ltr'>sunt</span> <span class='ocrx_word' id='word_1_151' title='bbox 2167 3148 2336 3228; x_wconf 82' lang='lat' dir='ltr'>haee</span> <span class='ocrx_word' id='word_1_152' title='bbox 2369 3147 2705 3258; x_wconf 61' lang='lat' dir='ltr'>pectora</span> <span class='ocrx_word' id='word_1_153' title='bbox 2753 3171 2951 3236; x_wconf 83' lang='lat' dir='ltr'>nota</span> <span class='ocrx_word' id='word_1_154' title='bbox 2996 3147 3174 3235; x_wconf 89' lang='lat' dir='ltr'>tibi</span> 
     </span>
    </p>
   </div>
   <div class='ocr_carea' id='block_1_3' title="bbox 827 3323 3784 3654">
    <p class='ocr_par' dir='ltr' id='par_1_3' title="bbox 827 3323 3784 3642">
     <span class='ocr_line' id='line_1_25' title="bbox 1996 3323 2703 3418; baseline 0.005 -6.172"><span class='ocrx_word' id='word_1_155' title='bbox 1996 3323 2703 3418; x_wconf 82' lang='lat' dir='ltr'><strong>chXxlx.</strong></span> 
     </span>
     <span class='ocr_line' id='line_1_26' title="bbox 827 3441 3784 3654; baseline -0.002 -57"><span class='ocrx_word' id='word_1_156' title='bbox 827 3441 2834 3654; x_wconf 62' lang='lat' dir='ltr'>sl.131NN1NGERO‚cum</span> <span class='ocrx_word' id='word_1_157' title='bbox 2914 3466 3284 3642; x_wconf 82' lang='lat' dir='ltr'>gradus</span> <span class='ocrx_word' id='word_1_158' title='bbox 3357 3483 3784 3595; x_wconf 65' lang='lat' dir='ltr'>Doaoris</span> 
     </span>
    </p>
   </div>
   <div class='ocr_carea' id='block_1_4' title="bbox 1879 3679 2932 3791">
    <p class='ocr_par' dir='ltr' id='par_1_4' title="bbox 1879 3679 2932 3791">
     <span class='ocr_line' id='line_1_27' title="bbox 1879 3679 2932 3791; baseline -0.003 -28"><span class='ocrx_word' id='word_1_159' title='bbox 1879 3679 2160 3763; x_wconf 72' lang='lat' dir='ltr'>Medici</span> <span class='ocrx_word' id='word_1_160' title='bbox 2214 3686 2286 3761; x_wconf 87' lang='lat' dir='ltr'>ei</span> <span class='ocrx_word' id='word_1_161' title='bbox 2319 3680 2797 3791; x_wconf 72' lang='lat' dir='ltr'>conftrretur.</span> <span class='ocrx_word' id='word_1_162' title='bbox 2922 3735 2932 3740; x_wconf 93' lang='lat'>-</span> 
     </span>
    </p>
   </div>
   <div class='ocr_carea' id='block_1_5' title="bbox 1113 3819 3600 4594">
    <p class='ocr_par' dir='ltr' id='par_1_5' title="bbox 1113 3819 3566 4550">
     <span class='ocr_line' id='line_1_28' title="bbox 1113 3819 3362 3964; baseline 0 -32"><span class='ocrx_word' id='word_1_163' title='bbox 1113 3819 1847 3962; x_wconf 78' lang='lat' dir='ltr'>Binningeriadum</span> <span class='ocrx_word' id='word_1_164' title='bbox 1886 3852 2092 3962; x_wconf 88' lang='lat' dir='ltr'>quid</span> <span class='ocrx_word' id='word_1_165' title='bbox 2128 3859 2353 3936; x_wconf 83' lang='lat' dir='ltr'>Mors</span> <span class='ocrx_word' id='word_1_166' title='bbox 2417 3851 2522 3934; x_wconf 90' lang='lat' dir='ltr'>de</span> <span class='ocrx_word' id='word_1_167' title='bbox 2569 3872 2814 3964; x_wconf 82' lang='lat' dir='ltr'>gente</span> <span class='ocrx_word' id='word_1_168' title='bbox 2866 3853 3362 3963; x_wconf 76' lang='lat' dir='ltr'>triumphas,</span> 
     </span>
     <span class='ocr_line' id='line_1_29' title="bbox 1382 3965 3099 4077; baseline 0 -28"><span class='ocrx_word' id='word_1_169' title='bbox 1382 3970 1485 4049; x_wconf 85' lang='lat' dir='ltr'>Et</span> <span class='ocrx_word' id='word_1_170' title='bbox 1533 3968 1765 4068; x_wconf 64' lang='lat' dir='ltr'>jactas</span> <span class='ocrx_word' id='word_1_171' title='bbox 1799 3968 2173 4050; x_wconf 75' lang='lat' dir='ltr'>Medicus</span> <span class='ocrx_word' id='word_1_172' title='bbox 2215 3971 2419 4048; x_wconf 87' lang='lat' dir='ltr'>huic</span> <span class='ocrx_word' id='word_1_173' title='bbox 2460 3967 2800 4077; x_wconf 74' lang='lat' dir='ltr'>rapuisse</span> <span class='ocrx_word' id='word_1_174' title='bbox 2831 3965 3099 4052; x_wconf 72' lang='lat' dir='ltr'>duos?</span> 
     </span>
     <span class='ocr_line' id='line_1_30' title="bbox 1117 4080 3036 4186; baseline 0.002 -23"><span class='ocrx_word' id='word_1_175' title='bbox 1117 4080 1443 4167; x_wconf 65' lang='lat' dir='ltr'>&#39;tertius</span> <span class='ocrx_word' id='word_1_176' title='bbox 1484 4081 1675 4186; x_wconf 88' lang='lat' dir='ltr'>inde</span> <span class='ocrx_word' id='word_1_177' title='bbox 1726 4080 1877 4162; x_wconf 86' lang='lat' dir='ltr'>tibi</span> <span class='ocrx_word' id='word_1_178' title='bbox 1912 4081 2044 4163; x_wconf 90' lang='lat' dir='ltr'>sur.</span> <span class='ocrx_word' id='word_1_179' title='bbox 2103 4085 2165 4164; x_wconf 91' lang='lat' dir='ltr'>it</span> <span class='ocrx_word' id='word_1_180' title='bbox 2203 4109 2372 4166; x_wconf 87' lang='lat' dir='ltr'>non</span> <span class='ocrx_word' id='word_1_181' title='bbox 2414 4086 2703 4167; x_wconf 85' lang='lat' dir='ltr'>mitior</span> <span class='ocrx_word' id='word_1_182' title='bbox 2734 4085 3036 4169; x_wconf 86' lang='lat' dir='ltr'>hostis.</span> 
     </span>
     <span class='ocr_line' id='line_1_31' title="bbox 1385 4112 2816 4312; baseline 0.003 -32"><span class='ocrx_word' id='word_1_183' title='bbox 1385 4198 1582 4312; x_wconf 81' lang='lat' dir='ltr'>AEgr</span> <span class='ocrx_word' id='word_1_184' title='bbox 1583 4222 1674 4277; x_wconf 81' lang='lat' dir='ltr'>os</span> <span class='ocrx_word' id='word_1_185' title='bbox 1704 4181 2001 4307; x_wconf 80' lang='lat' dir='ltr'>eripiet</span> <span class='ocrx_word' id='word_1_186' title='bbox 2032 4112 2402 4286; x_wconf 48' lang='lat' dir='ltr'>faucibus</span> <span class='ocrx_word' id='word_1_187' title='bbox 2446 4201 2580 4286; x_wconf 83' lang='lat' dir='ltr'>ille</span> <span class='ocrx_word' id='word_1_188' title='bbox 2634 4206 2816 4285; x_wconf 85' lang='lat' dir='ltr'>tuis.</span> 
     </span>
     <span class='ocr_line' id='line_1_32' title="bbox 1115 4313 3161 4424; baseline 0.002 -24"><span class='ocrx_word' id='word_1_189' title='bbox 1115 4316 1364 4400; x_wconf 77' lang='lat' dir='ltr'>Hune</span> <span class='ocrx_word' id='word_1_190' title='bbox 1401 4337 1757 4424; x_wconf 87' lang='lat' dir='ltr'>quoque</span> <span class='ocrx_word' id='word_1_191' title='bbox 1774 4313 1839 4406; x_wconf 83' lang='lat' dir='ltr'><strong>fi</strong></span> <span class='ocrx_word' id='word_1_192' title='bbox 1873 4341 2128 4402; x_wconf 71' lang='lat' dir='ltr'>tentas</span> <span class='ocrx_word' id='word_1_193' title='bbox 2170 4322 2512 4403; x_wconf 75' lang='lat' dir='ltr'>inimica</span> <span class='ocrx_word' id='word_1_194' title='bbox 2554 4319 2860 4402; x_wconf 81' lang='lat' dir='ltr'>caedere</span> <span class='ocrx_word' id='word_1_195' title='bbox 2899 4318 3161 4415; x_wconf 86' lang='lat' dir='ltr'>falce,</span> 
     </span>
     <span class='ocr_line' id='line_1_33' title="bbox 1386 4423 3600 4594; baseline 0.003 -78"><span class='ocrx_word' id='word_1_196' title='bbox 1386 4430 1528 4518; x_wconf 75' lang='lat' dir='ltr'>Nil</span> <span class='ocrx_word' id='word_1_197' title='bbox 1564 4434 1802 4594; x_wconf 53' lang='lat' dir='ltr'>egit:</span> <span class='ocrx_word' id='word_1_198' title='bbox 1856 4436 2031 4520; x_wconf 72' lang='lat' dir='ltr'>haec</span> <span class='ocrx_word' id='word_1_199' title='bbox 2064 4423 2441 4566; x_wconf 68' lang='lat' dir='ltr'>Medicus</span> <span class='ocrx_word' id='word_1_200' title='bbox 2485 4461 2683 4549; x_wconf 83' lang='lat' dir='ltr'>gens</span> <span class='ocrx_word' id='word_1_201' title='bbox 2731 4436 2956 4521; x_wconf 71' lang='lat' dir='ltr'>dabit</span> <span class='ocrx_word' id='word_1_202' title='bbox 2999 4439 3252 4549; x_wconf 84' lang='lat' dir='ltr'>usque</span> <span class='ocrx_word' id='word_1_203' title='bbox 3302 4464 3600 4525; x_wconf 76' lang='lat' dir='ltr'>novos</span> 
     </span>
    </p>
   </div>
   <div class='ocr_carea' id='block_1_6' title="bbox 3485 4706 3787 4848">
    <p class='ocr_par' dir='ltr' id='par_1_6' title="bbox 3485 4706 3787 4848">
     <span class='ocr_line' id='line_1_34' title="bbox 3485 4706 3787 4848; baseline -0.026 -51"><span class='ocrx_word' id='word_1_204' title='bbox 3485 4706 3787 4848; x_wconf 27' lang='lat' dir='ltr'>&#39;CXC</span> 
     </span>
    </p>
   </div>
   <div class='ocr_carea' id='block_1_7' title="bbox 4110 23 4113 677">
    <p class='ocr_par' dir='ltr' id='par_1_7' title="bbox 4110 23 4113 677">
     <span class='ocr_line' id='line_1_35' title="bbox 4110 23 4113 677; baseline 0 0"><span class='ocrx_word' id='word_1_205' title='bbox 4110 23 4113 677; x_wconf 95' lang='lat' dir='ltr'> </span> 
     </span>
    </p>
   </div>
  </div>
 </body>
</html>
