<?xml version="1.0" encoding="UTF-8"?>
<!DOCTYPE html PUBLIC "-//W3C//DTD XHTML 1.0 Transitional//EN"
    "http://www.w3.org/TR/xhtml1/DTD/xhtml1-transitional.dtd">
<html xmlns="http://www.w3.org/1999/xhtml" xml:lang="en" lang="en">
 <head>
  <title>
</title>
<meta http-equiv="Content-Type" content="text/html;charset=utf-8" />
  <meta name='ocr-system' content='tesseract 3.04.00' />
  <meta name='ocr-capabilities' content='ocr_page ocr_carea ocr_par ocr_line ocrx_word'/>
</head>
<body>
  <div class='ocr_page' id='page_1' title='image "./opusculatheolog00weregoog/opusculatheolog00weregoog_0148.png"; bbox 0 0 4188 5670; ppageno 0'>
   <div class='ocr_carea' id='block_1_1' title="bbox 505 2442 910 2567">
    <p class='ocr_par' dir='ltr' id='par_1_1' title="bbox 505 2442 910 2567">
     <span class='ocr_line' id='line_1_1' title="bbox 505 2442 910 2567; baseline 0.007 -25"><span class='ocrx_word' id='word_1_1' title='bbox 505 2485 798 2567; x_wconf 69' lang='lat' dir='ltr'>Pru-epto-</span> <span class='ocrx_word' id='word_1_2' title='bbox 872 2543 882 2566; x_wconf 61' lang='grc'><strong><em>,</em></strong></span> <span class='ocrx_word' id='word_1_3' title='bbox 903 2442 910 2450; x_wconf 19' lang='grc' dir='ltr'>ὁ</span> 
     </span>
    </p>
   </div>
   <div class='ocr_carea' id='block_1_2' title="bbox 507 2569 827 2630">
    <p class='ocr_par' dir='ltr' id='par_1_2' title="bbox 507 2569 827 2630">
     <span class='ocr_line' id='line_1_2' title="bbox 507 2569 827 2630; baseline 0.025 -8"><span class='ocrx_word' id='word_1_4' title='bbox 507 2585 638 2626; x_wconf 72' lang='lat' dir='ltr'>rum</span> <span class='ocrx_word' id='word_1_5' title='bbox 661 2573 719 2625; x_wconf 71' lang='grc' dir='ltr'>ἔκ</span> <span class='ocrx_word' id='word_1_6' title='bbox 740 2569 827 2630; x_wconf 76' lang='lat' dir='ltr'>his</span> 
     </span>
    </p>
   </div>
   <div class='ocr_carea' id='block_1_3' title="bbox 509 2647 768 2732">
    <p class='ocr_par' dir='ltr' id='par_1_3' title="bbox 509 2647 768 2732">
     <span class='ocr_line' id='line_1_3' title="bbox 509 2647 768 2732; baseline 0 -30"><span class='ocrx_word' id='word_1_7' title='bbox 509 2647 768 2732; x_wconf 59' lang='lat' dir='ltr'>officiam,</span> 
     </span>
    </p>
   </div>
   <div class='ocr_carea' id='block_1_4' title="bbox 887 333 3263 449">
    <p class='ocr_par' dir='ltr' id='par_1_4' title="bbox 887 333 3263 449">
     <span class='ocr_line' id='line_1_4' title="bbox 887 333 3263 449; baseline -0.001 -14"><span class='ocrx_word' id='word_1_8' title='bbox 887 375 1025 449; x_wconf 74' lang='lat'>110</span> <span class='ocrx_word' id='word_1_9' title='bbox 1385 344 1976 435; x_wconf 62' lang='lat' dir='ltr'>Duas-&#39;1212</span> <span class='ocrx_word' id='word_1_10' title='bbox 2061 339 2206 430; x_wconf 63' lang='grc' dir='ltr'>οὲ</span> <span class='ocrx_word' id='word_1_11' title='bbox 2324 333 3263 434; x_wconf 58' lang='lat' dir='ltr'>L&#39;od&#39;rm&#39;tlo‘nirs</span> 
     </span>
    </p>
   </div>
   <div class='ocr_carea' id='block_1_5' title="bbox 872 598 3798 650">
    <p class='ocr_par' dir='ltr' id='par_1_5' title="bbox 872 598 3798 650">
     <span class='ocr_line' id='line_1_5' title="bbox 872 598 3798 650; baseline 0 5020"><span class='ocrx_word' id='word_1_12' title='bbox 872 598 3798 650; x_wconf 95' lang='lat' dir='ltr'> </span> 
     </span>
    </p>
   </div>
   <div class='ocr_carea' id='block_1_6' title="bbox 1963 749 2755 904">
    <p class='ocr_par' dir='ltr' id='par_1_6' title="bbox 1963 749 2755 904">
     <span class='ocr_line' id='line_1_6' title="bbox 1963 749 2755 904; baseline -0.005 -26"><span class='ocrx_word' id='word_1_13' title='bbox 1963 749 2755 904; x_wconf 7' lang='lat' dir='ltr'>&#39;‚cA1&gt;.rx.</span> 
     </span>
    </p>
   </div>
   <div class='ocr_carea' id='block_1_7' title="bbox 1071 996 3615 1140">
    <p class='ocr_par' dir='ltr' id='par_1_7' title="bbox 1071 996 3615 1140">
     <span class='ocr_line' id='line_1_7' title="bbox 1071 996 3615 1140; baseline -0.006 -41"><span class='ocrx_word' id='word_1_14' title='bbox 1071 1014 1193 1099; x_wconf 88' lang='lat' dir='ltr'>De</span> <span class='ocrx_word' id='word_1_15' title='bbox 1223 1004 1792 1123; x_wconf 83' lang='lat' dir='ltr'>Praeservativis</span> <span class='ocrx_word' id='word_1_16' title='bbox 1822 996 1864 1110; x_wconf 66' lang='grc'>,’</span> <span class='ocrx_word' id='word_1_17' title='bbox 1885 1023 1978 1085; x_wconf 82' lang='lat' dir='ltr'>ut</span> <span class='ocrx_word' id='word_1_18' title='bbox 2003 1008 2367 1118; x_wconf 76' lang='lat' dir='ltr'>appellant</span> <span class='ocrx_word' id='word_1_19' title='bbox 2384 1065 2410 1113; x_wconf 94' lang='lat'>,</span> <span class='ocrx_word' id='word_1_20' title='bbox 2461 1000 2818 1140; x_wconf 57' lang='lat' dir='ltr'>adversus</span> <span class='ocrx_word' id='word_1_21' title='bbox 2843 1005 3343 1114; x_wconf 78' lang='lat' dir='ltr'>Logomachias</span> <span class='ocrx_word' id='word_1_22' title='bbox 3360 1031 3615 1089; x_wconf 78' lang='lat' dir='ltr'>novas.</span> 
     </span>
    </p>
   </div>
   <div class='ocr_carea' id='block_1_8' title="bbox 1055 1201 1064 1208">
    <p class='ocr_par' dir='ltr' id='par_1_8' title="bbox 1055 1201 1064 1208">
     <span class='ocr_line' id='line_1_8' title="bbox 1055 1201 1064 1208; baseline 0 0"><span class='ocrx_word' id='word_1_23' title='bbox 1055 1201 1064 1208; x_wconf 48' lang='grc' dir='ltr'><em>ι</em></span> 
     </span>
    </p>
   </div>
   <div class='ocr_carea' id='block_1_9' title="bbox 884 1218 3943 1490">
    <p class='ocr_par' dir='ltr' id='par_1_9' title="bbox 884 1218 3943 1490">
     <span class='ocr_line' id='line_1_9' title="bbox 1132 1218 3815 1319; baseline -0.003 -16"><span class='ocrx_word' id='word_1_24' title='bbox 1132 1229 1245 1304; x_wconf 89' lang='lat' dir='ltr'>Ua</span> <span class='ocrx_word' id='word_1_25' title='bbox 1286 1229 1540 1300; x_wconf 86' lang='lat' dir='ltr'>ratione</span> <span class='ocrx_word' id='word_1_26' title='bbox 1566 1249 1606 1297; x_wconf 90' lang='lat' dir='ltr'>a</span> <span class='ocrx_word' id='word_1_27' title='bbox 1647 1218 2109 1315; x_wconf 80' lang='lat' dir='ltr'>Logomachiis</span> <span class='ocrx_word' id='word_1_28' title='bbox 2152 1225 2406 1319; x_wconf 86' lang='lat' dir='ltr'>optime</span> <span class='ocrx_word' id='word_1_29' title='bbox 2442 1222 2635 1298; x_wconf 79' lang='lat' dir='ltr'>nobis</span> <span class='ocrx_word' id='word_1_30' title='bbox 2682 1246 2909 1296; x_wconf 67' lang='lat' dir='ltr'>&lt;avere</span> <span class='ocrx_word' id='word_1_31' title='bbox 2933 1219 3251 1316; x_wconf 83' lang='lat' dir='ltr'>poflimus</span> <span class='ocrx_word' id='word_1_32' title='bbox 3280 1271 3306 1308; x_wconf 88' lang='lat'><strong>,</strong></span> <span class='ocrx_word' id='word_1_33' title='bbox 3367 1223 3439 1294; x_wconf 84' lang='lat' dir='ltr'>iu</span> <span class='ocrx_word' id='word_1_34' title='bbox 3467 1219 3815 1316; x_wconf 80' lang='lat' dir='ltr'>superiori-</span> 
     </span>
     <span class='ocr_line' id='line_1_10' title="bbox 884 1223 3943 1490; baseline -0.002 -92"><span class='ocrx_word' id='word_1_35' title='bbox 884 1223 1128 1472; x_wconf 83' lang='lat' dir='ltr'>Q</span> <span class='ocrx_word' id='word_1_36' title='bbox 1189 1324 1346 1413; x_wconf 74' lang='lat' dir='ltr'>bus,</span> <span class='ocrx_word' id='word_1_37' title='bbox 1380 1327 1671 1396; x_wconf 84' lang='lat' dir='ltr'>maxima</span> <span class='ocrx_word' id='word_1_38' title='bbox 1700 1332 1787 1391; x_wconf 69' lang='lat' dir='ltr'>&#39;ex</span> <span class='ocrx_word' id='word_1_39' title='bbox 1837 1343 2022 1490; x_wconf 53' lang='lat' dir='ltr'>parte</span> <span class='ocrx_word' id='word_1_40' title='bbox 2050 1373 2073 1409; x_wconf 89' lang='lat'>,</span> <span class='ocrx_word' id='word_1_41' title='bbox 2127 1322 2407 1396; x_wconf 79' lang='lat' dir='ltr'>arbitror</span> <span class='ocrx_word' id='word_1_42' title='bbox 2450 1323 2488 1394; x_wconf 69' lang='lat' dir='ltr'>a</span> <span class='ocrx_word' id='word_1_43' title='bbox 2510 1319 2702 1395; x_wconf 85' lang='lat' dir='ltr'>nobis</span> <span class='ocrx_word' id='word_1_44' title='bbox 2751 1318 2870 1394; x_wconf 77' lang='lat' dir='ltr'>effe</span> <span class='ocrx_word' id='word_1_45' title='bbox 2929 1319 3513 1394; x_wconf 83' lang='lat' dir='ltr'>commonstratum</span> <span class='ocrx_word' id='word_1_46' title='bbox 3548 1370 3578 1409; x_wconf 84' lang='lat'>,</span> <span class='ocrx_word' id='word_1_47' title='bbox 3656 1345 3818 1392; x_wconf 83' lang='lat' dir='ltr'>cum</span> <span class='ocrx_word' id='word_1_48' title='bbox 3934 1343 3943 1350; x_wconf 90' lang='lat'><strong>·</strong></span> 
     </span>
    </p>
   </div>
   <div class='ocr_carea' id='block_1_10' title="bbox 795 1419 3827 2410">
    <p class='ocr_par' dir='ltr' id='par_1_10' title="bbox 795 1419 3827 2410">
     <span class='ocr_line' id='line_1_11' title="bbox 881 1419 3813 1612; baseline 0.001 -26"><span class='ocrx_word' id='word_1_49' title='bbox 881 1516 998 1587; x_wconf 57' lang='lat' dir='ltr'>me</span> <span class='ocrx_word' id='word_1_50' title='bbox 1044 1421 1411 1593; x_wconf 59' lang='lat' dir='ltr'>enzffl?</span> <span class='ocrx_word' id='word_1_51' title='bbox 1422 1425 2116 1612; x_wconf 54' lang='lat' dir='ltr'>vtssffiffi‘pagg</span> <span class='ocrx_word' id='word_1_52' title='bbox 2131 1420 2749 1612; x_wconf 54' lang='lat' dir='ltr'>vffisst‘fflsss&#39;}</span> <span class='ocrx_word' id='word_1_53' title='bbox 2764 1420 2927 1611; x_wconf 58' lang='lat'>&#39;&#39;33¹1“</span> <span class='ocrx_word' id='word_1_54' title='bbox 2949 1419 3466 1589; x_wconf 50' lang='lat' dir='ltr'>‘afim</span> <span class='ocrx_word' id='word_1_55' title='bbox 3344 1419 3813 1590; x_wconf 51' lang='grc' dir='ltr'>Μέἰῖζξ</span> 
     </span>
     <span class='ocr_line' id='line_1_12' title="bbox 883 1611 3818 1711; baseline 0.001 -25"><span class='ocrx_word' id='word_1_56' title='bbox 883 1613 1343 1694; x_wconf 82' lang='lat' dir='ltr'>Veruntamen</span> <span class='ocrx_word' id='word_1_57' title='bbox 1388 1616 1710 1710; x_wconf 73' lang='lat' dir='ltr'>quoniam</span> <span class='ocrx_word' id='word_1_58' title='bbox 1758 1640 2098 1711; x_wconf 88' lang='lat' dir='ltr'>nunquam</span> <span class='ocrx_word' id='word_1_59' title='bbox 2137 1616 2284 1690; x_wconf 86' lang='lat' dir='ltr'>satis</span> <span class='ocrx_word' id='word_1_60' title='bbox 2325 1617 2633 1711; x_wconf 79' lang='lat' dir='ltr'>quaedam</span> <span class='ocrx_word' id='word_1_61' title='bbox 2672 1615 2979 1688; x_wconf 81' lang='lat' dir='ltr'>inculcari</span> <span class='ocrx_word' id='word_1_62' title='bbox 3022 1611 3283 1709; x_wconf 81' lang='lat' dir='ltr'>poffimt</span> <span class='ocrx_word' id='word_1_63' title='bbox 3306 1653 3331 1701; x_wconf 59' lang='lat'><em>2</em></span> <span class='ocrx_word' id='word_1_64' title='bbox 3373 1613 3680 1689; x_wconf 83' lang='lat' dir='ltr'>universa</span> <span class='ocrx_word' id='word_1_65' title='bbox 3707 1616 3818 1689; x_wconf 87' lang='lat' dir='ltr'>de-</span> 
     </span>
     <span class='ocr_line' id='line_1_13' title="bbox 885 1710 3827 1810; baseline 0.001 -24"><span class='ocrx_word' id='word_1_66' title='bbox 885 1737 1024 1786; x_wconf 90' lang='lat' dir='ltr'>nuo</span> <span class='ocrx_word' id='word_1_67' title='bbox 1068 1717 1271 1788; x_wconf 82' lang='lat' dir='ltr'>oculis</span> <span class='ocrx_word' id='word_1_68' title='bbox 1319 1712 1730 1808; x_wconf 58' lang='lat' dir='ltr'>subjicienda*</span> <span class='ocrx_word' id='word_1_69' title='bbox 1745 1710 1894 1786; x_wconf 89' lang='lat' dir='ltr'>sunt</span> <span class='ocrx_word' id='word_1_70' title='bbox 1919 1765 1945 1803; x_wconf 85' lang='lat'><strong>,</strong></span> <span class='ocrx_word' id='word_1_71' title='bbox 1976 1740 2132 1810; x_wconf 84' lang='lat' dir='ltr'>quae</span> <span class='ocrx_word' id='word_1_72' title='bbox 2156 1718 2238 1789; x_wconf 85' lang='lat' dir='ltr'>acl</span> <span class='ocrx_word' id='word_1_73' title='bbox 2266 1714 2535 1810; x_wconf 87' lang='lat' dir='ltr'>scopum</span> <span class='ocrx_word' id='word_1_74' title='bbox 2556 1712 2851 1788; x_wconf 87' lang='lat' dir='ltr'>nostrum</span> <span class='ocrx_word' id='word_1_75' title='bbox 2876 1711 3027 1787; x_wconf 91' lang='lat' dir='ltr'>sunt</span> <span class='ocrx_word' id='word_1_76' title='bbox 3048 1712 3548 1786; x_wconf 81' lang='lat' dir='ltr'>accommodata</span> <span class='ocrx_word' id='word_1_77' title='bbox 3565 1763 3592 1800; x_wconf 84' lang='lat'>‚</span> <span class='ocrx_word' id='word_1_78' title='bbox 3630 1738 3827 1806; x_wconf 43' lang='lat' dir='ltr'>quae,</span> 
     </span>
     <span class='ocr_line' id='line_1_14' title="bbox 795 1811 3815 1912; baseline 0.001 -30"><span class='ocrx_word' id='word_1_79' title='bbox 795 1899 800 1904; x_wconf 73' lang='lat'>.</span> <span class='ocrx_word' id='word_1_80' title='bbox 881 1836 1018 1905; x_wconf 89' lang='lat' dir='ltr'>que</span> <span class='ocrx_word' id='word_1_81' title='bbox 1042 1833 1193 1887; x_wconf 87' lang='lat' dir='ltr'>tum</span> <span class='ocrx_word' id='word_1_82' title='bbox 1222 1823 1290 1886; x_wconf 87' lang='lat' dir='ltr'>in</span> <span class='ocrx_word' id='word_1_83' title='bbox 1317 1814 1579 1888; x_wconf 79' lang='lat' dir='ltr'>docenda</span> <span class='ocrx_word' id='word_1_84' title='bbox 1629 1814 1822 1903; x_wconf 71' lang='lat' dir='ltr'>anlra</span> <span class='ocrx_word' id='word_1_85' title='bbox 1844 1864 1869 1901; x_wconf 87' lang='lat'>,</span> <span class='ocrx_word' id='word_1_86' title='bbox 1910 1832 2059 1885; x_wconf 84' lang='lat' dir='ltr'>tum</span> <span class='ocrx_word' id='word_1_87' title='bbox 2111 1822 2177 1887; x_wconf 82' lang='lat' dir='ltr'>in</span> <span class='ocrx_word' id='word_1_88' title='bbox 2201 1814 2477 1906; x_wconf 76' lang='lat' dir='ltr'>dtscenda</span> <span class='ocrx_word' id='word_1_89' title='bbox 2517 1816 2776 1887; x_wconf 80' lang='lat' dir='ltr'>aliorum</span> <span class='ocrx_word' id='word_1_90' title='bbox 2804 1864 2828 1900; x_wconf 89' lang='lat'>,</span> <span class='ocrx_word' id='word_1_91' title='bbox 2891 1837 3082 1912; x_wconf 78' lang='lat' dir='ltr'>quam</span> <span class='ocrx_word' id='word_1_92' title='bbox 3131 1811 3444 1906; x_wconf 71' lang='lat' dir='ltr'>confutare</span> <span class='ocrx_word' id='word_1_93' title='bbox 3473 1812 3763 1885; x_wconf 66' lang='lat' dir='ltr'>volamus</span> <span class='ocrx_word' id='word_1_94' title='bbox 3778 1863 3815 1904; x_wconf 6' lang='lat' dir='ltr'>p,</span> 
     </span>
     <span class='ocr_line' id='line_1_15' title="bbox 795 1909 3811 2004; baseline 0 -22"><span class='ocrx_word' id='word_1_95' title='bbox 795 1911 799 1915; x_wconf 76' lang='grc'><strong>’</strong></span> <span class='ocrx_word' id='word_1_96' title='bbox 871 1909 1181 2002; x_wconf 57' lang='lat' dir='ltr'>sententia</span> <span class='ocrx_word' id='word_1_97' title='bbox 1222 1909 1371 1986; x_wconf 89' lang='lat' dir='ltr'>sunt</span> <span class='ocrx_word' id='word_1_98' title='bbox 1414 1910 1838 1985; x_wconf 84' lang='lat' dir='ltr'>observanda.</span> <span class='ocrx_word' id='word_1_99' title='bbox 1916 1912 2255 1985; x_wconf 76' lang='lat' dir='ltr'>Docemus</span> <span class='ocrx_word' id='word_1_100' title='bbox 2293 1933 2411 1986; x_wconf 88' lang='lat' dir='ltr'>aut</span> <span class='ocrx_word' id='word_1_101' title='bbox 2433 1937 2600 1985; x_wconf 87' lang='lat' dir='ltr'>voce</span> <span class='ocrx_word' id='word_1_102' title='bbox 2634 1932 2749 1984; x_wconf 85' lang='lat' dir='ltr'>aut</span> <span class='ocrx_word' id='word_1_103' title='bbox 2790 1910 3044 2004; x_wconf 89' lang='lat' dir='ltr'>scripto.</span> <span class='ocrx_word' id='word_1_104' title='bbox 3098 1980 3105 1984; x_wconf 81' lang='grc'><em>,</em></span> <span class='ocrx_word' id='word_1_105' title='bbox 3146 1911 3229 1982; x_wconf 92' lang='lat' dir='ltr'>In</span> <span class='ocrx_word' id='word_1_106' title='bbox 3266 1928 3553 2002; x_wconf 87' lang='lat' dir='ltr'>utroque</span> <span class='ocrx_word' id='word_1_107' title='bbox 3574 1912 3811 1982; x_wconf 85' lang='lat' dir='ltr'>viden-</span> 
     </span>
     <span class='ocr_line' id='line_1_16' title="bbox 887 2004 3817 2110; baseline 0.001 -31"><span class='ocrx_word' id='word_1_108' title='bbox 887 2008 1056 2081; x_wconf 88' lang='lat' dir='ltr'>dum</span> <span class='ocrx_word' id='word_1_109' title='bbox 1103 2007 1297 2098; x_wconf 83' lang='lat' dir='ltr'>nobis</span> <span class='ocrx_word' id='word_1_110' title='bbox 1336 2010 1428 2082; x_wconf 82' lang='lat' dir='ltr'>est</span> <span class='ocrx_word' id='word_1_111' title='bbox 1450 2061 1473 2097; x_wconf 92' lang='lat'>‚</span> <span class='ocrx_word' id='word_1_112' title='bbox 1517 2027 1598 2081; x_wconf 88' lang='lat' dir='ltr'>ut</span> <span class='ocrx_word' id='word_1_113' title='bbox 1631 2033 1749 2081; x_wconf 79' lang='lat' dir='ltr'>non</span> <span class='ocrx_word' id='word_1_114' title='bbox 1791 2027 1924 2081; x_wconf 78' lang='lat' dir='ltr'>tam</span> <span class='ocrx_word' id='word_1_115' title='bbox 1974 2010 2291 2084; x_wconf 71' lang='lat' dir='ltr'>docesnnus</span> <span class='ocrx_word' id='word_1_116' title='bbox 2349 2011 2541 2086; x_wconf 81' lang='lat' dir='ltr'>verba</span> <span class='ocrx_word' id='word_1_117' title='bbox 2607 2035 2797 2110; x_wconf 78' lang='lat' dir='ltr'>quam</span> <span class='ocrx_word' id='word_1_118' title='bbox 2827 2034 2961 2081; x_wconf 82' lang='lat' dir='ltr'>res.-</span> <span class='ocrx_word' id='word_1_119' title='bbox 3009 2008 3125 2106; x_wconf 86' lang='lat' dir='ltr'>qui</span> <span class='ocrx_word' id='word_1_120' title='bbox 3175 2009 3356 2082; x_wconf 86' lang='lat' dir='ltr'>enim</span> <span class='ocrx_word' id='word_1_121' title='bbox 3379 2004 3593 2099; x_wconf 19' lang='lat' dir='ltr'>verba,</span> <span class='ocrx_word' id='word_1_122' title='bbox 3624 2007 3817 2081; x_wconf 83' lang='lat' dir='ltr'>disei-</span> 
     </span>
     <span class='ocr_line' id='line_1_17' title="bbox 888 2104 3816 2202; baseline 0 -25"><span class='ocrx_word' id='word_1_123' title='bbox 888 2108 1047 2201; x_wconf 80' lang='lat' dir='ltr'>pnlo</span> <span class='ocrx_word' id='word_1_124' title='bbox 1091 2105 1232 2182; x_wconf 79' lang='lat' dir='ltr'>suo·</span> <span class='ocrx_word' id='word_1_125' title='bbox 1258 2131 1365 2180; x_wconf 87' lang='lat' dir='ltr'>ma</span> <span class='ocrx_word' id='word_1_126' title='bbox 1409 2110 1461 2179; x_wconf 82' lang='lat' dir='ltr'>is</span> <span class='ocrx_word' id='word_1_127' title='bbox 1485 2107 1765 2181; x_wconf 79' lang='lat' dir='ltr'>inculcat</span> <span class='ocrx_word' id='word_1_128' title='bbox 1793 2157 1819 2194; x_wconf 88' lang='lat'>‚</span> <span class='ocrx_word' id='word_1_129' title='bbox 1867 2133 2069 2201; x_wconf 84' lang='lat' dir='ltr'>quam</span> <span class='ocrx_word' id='word_1_130' title='bbox 2106 2133 2205 2181; x_wconf 82' lang='lat' dir='ltr'>res</span> <span class='ocrx_word' id='word_1_131' title='bbox 2229 2139 2258 2194; x_wconf 80' lang='lat'>,-</span> <span class='ocrx_word' id='word_1_132' title='bbox 2298 2107 2455 2182; x_wconf 81' lang='lat' dir='ltr'>facit</span> <span class='ocrx_word' id='word_1_133' title='bbox 2482 2147 2513 2196; x_wconf 68' lang='lat'><em>5</em></span> <span class='ocrx_word' id='word_1_134' title='bbox 2554 2128 2633 2182; x_wconf 87' lang='lat' dir='ltr'>ut</span> <span class='ocrx_word' id='word_1_135' title='bbox 2656 2133 2778 2202; x_wconf 89' lang='lat' dir='ltr'>pro</span> <span class='ocrx_word' id='word_1_136' title='bbox 2805 2105 3020 2179; x_wconf 78' lang='lat' dir='ltr'>verbis</span> <span class='ocrx_word' id='word_1_137' title='bbox 3073 2104 3298 2200; x_wconf 80' lang='lat' dir='ltr'>postea</span> <span class='ocrx_word' id='word_1_138' title='bbox 3321 2108 3568 2191; x_wconf 70' lang='lat' dir='ltr'>aerim,</span> <span class='ocrx_word' id='word_1_139' title='bbox 3603 2129 3816 2200; x_wconf 85' lang='lat' dir='ltr'>quam</span> 
     </span>
     <span class='ocr_line' id='line_1_18' title="bbox 887 2201 3815 2300; baseline 0 -23"><span class='ocrx_word' id='word_1_140' title='bbox 887 2231 1014 2299; x_wconf 91' lang='lat' dir='ltr'>pro</span> <span class='ocrx_word' id='word_1_141' title='bbox 1039 2201 1240 2278; x_wconf 64' lang='lat' dir='ltr'>‘rebus</span> <span class='ocrx_word' id='word_1_142' title='bbox 1285 2208 1352 2300; x_wconf 88' lang='lat' dir='ltr'>ip</span> <span class='ocrx_word' id='word_1_143' title='bbox 1379 2232 1433 2277; x_wconf 75' lang='grc' dir='ltr'>ιε</span> <span class='ocrx_word' id='word_1_144' title='bbox 1477 2205 1863 2300; x_wconf 82' lang='lat' dir='ltr'>digladietur</span> <span class='ocrx_word' id='word_1_145' title='bbox 1886 2234 1913 2289; x_wconf 85' lang='lat'>‚-</span> <span class='ocrx_word' id='word_1_146' title='bbox 1938 2206 2090 2279; x_wconf 80' lang='lat' dir='ltr'>facit</span> <span class='ocrx_word' id='word_1_147' title='bbox 2113 2257 2137 2294; x_wconf 87' lang='lat'>‚</span> <span class='ocrx_word' id='word_1_148' title='bbox 2185 2226 2262 2280; x_wconf 88' lang='lat' dir='ltr'>ut</span> <span class='ocrx_word' id='word_1_149' title='bbox 2293 2209 2347 2279; x_wconf 82' lang='lat' dir='ltr'>is</span> <span class='ocrx_word' id='word_1_150' title='bbox 2370 2206 2537 2280; x_wconf 87' lang='lat' dir='ltr'>ferre</span> <span class='ocrx_word' id='word_1_151' title='bbox 2566 2231 2705 2280; x_wconf 87' lang='lat' dir='ltr'>non</span> <span class='ocrx_word' id='word_1_152' title='bbox 2742 2202 2941 2300; x_wconf 86' lang='lat' dir='ltr'>poffit</span> <span class='ocrx_word' id='word_1_153' title='bbox 2967 2226 3083 2277; x_wconf 82' lang='lat' dir='ltr'>eos</span> <span class='ocrx_word' id='word_1_154' title='bbox 3109 2254 3134 2292; x_wconf 89' lang='lat'><strong><em>,</em></strong></span> <span class='ocrx_word' id='word_1_155' title='bbox 3164 2204 3280 2298; x_wconf 91' lang='lat' dir='ltr'>qui</span> <span class='ocrx_word' id='word_1_156' title='bbox 3307 2204 3491 2277; x_wconf 86' lang='lat' dir='ltr'>aliter</span> <span class='ocrx_word' id='word_1_157' title='bbox 3526 2203 3815 2298; x_wconf 86' lang='lat' dir='ltr'>loquun-</span> 
     </span>
     <span class='ocr_line' id='line_1_19' title="bbox 891 2301 3187 2410; baseline -0 -35"><span class='ocrx_word' id='word_1_158' title='bbox 891 2322 1028 2393; x_wconf 86' lang='lat' dir='ltr'>tur,</span> <span class='ocrx_word' id='word_1_159' title='bbox 1070 2324 1267 2400; x_wconf 86' lang='lat' dir='ltr'>atque</span> <span class='ocrx_word' id='word_1_160' title='bbox 1292 2303 1422 2400; x_wconf 90' lang='lat' dir='ltr'>ipse</span> <span class='ocrx_word' id='word_1_161' title='bbox 1471 2304 1654 2398; x_wconf 91' lang='lat' dir='ltr'>loqui</span> <span class='ocrx_word' id='word_1_162' title='bbox 1683 2305 1915 2410; x_wconf 74' lang='lat' dir='ltr'>didicit</span> <span class='ocrx_word' id='word_1_163' title='bbox 1939 2327 1984 2391; x_wconf 84' lang='lat'>‚·</span> <span class='ocrx_word' id='word_1_164' title='bbox 2011 2308 2316 2398; x_wconf 77' lang='lat' dir='ltr'>quamvis</span> <span class='ocrx_word' id='word_1_165' title='bbox 2364 2305 2541 2379; x_wconf 84' lang='lat' dir='ltr'>idem</span> <span class='ocrx_word' id='word_1_166' title='bbox 2576 2304 2844 2400; x_wconf 74' lang='lat' dir='ltr'>&#39;prorsus</span> <span class='ocrx_word' id='word_1_167' title='bbox 2890 2301 3187 2376; x_wconf 81' lang='lat' dir='ltr'><strong>sentiant.</strong></span> 
     </span>
    </p>
   </div>
   <div class='ocr_carea' id='block_1_11' title="bbox 896 2473 3814 2796">
    <p class='ocr_par' dir='ltr' id='par_1_11' title="bbox 896 2473 3814 2796">
     <span class='ocr_line' id='line_1_20' title="bbox 993 2473 3805 2597; baseline -0.001 -21"><span class='ocrx_word' id='word_1_168' title='bbox 993 2555 1002 2564; x_wconf 87' lang='lat'><em>-</em></span> <span class='ocrx_word' id='word_1_169' title='bbox 1084 2499 1219 2576; x_wconf 86' lang='lat' dir='ltr'>Hic</span> <span class='ocrx_word' id='word_1_170' title='bbox 1255 2504 1494 2576; x_wconf 87' lang='lat' dir='ltr'>iterum</span> <span class='ocrx_word' id='word_1_171' title='bbox 1536 2487 1904 2594; x_wconf 80' lang='lat' dir='ltr'>iterumque</span> <span class='ocrx_word' id='word_1_172' title='bbox 1949 2502 2264 2578; x_wconf 85' lang='lat' dir='ltr'>monendi</span> <span class='ocrx_word' id='word_1_173' title='bbox 2308 2492 2459 2578; x_wconf 84' lang='lat' dir='ltr'>sunt</span> <span class='ocrx_word' id='word_1_174' title='bbox 2489 2503 2929 2597; x_wconf 75' lang='lat' dir='ltr'>Praeceptores</span> <span class='ocrx_word' id='word_1_175' title='bbox 2953 2552 2978 2591; x_wconf 87' lang='lat'>‚</span> <span class='ocrx_word' id='word_1_176' title='bbox 3022 2473 3105 2574; x_wconf 75' lang='lat' dir='ltr'>ut</span> <span class='ocrx_word' id='word_1_177' title='bbox 3145 2516 3401 2574; x_wconf 85' lang='lat' dir='ltr'>mature</span> <span class='ocrx_word' id='word_1_178' title='bbox 3428 2498 3805 2594; x_wconf 76' lang='lat' dir='ltr'>&#39;discipulos</span> 
     </span>
     <span class='ocr_line' id='line_1_21' title="bbox 896 2597 3814 2698; baseline -0.001 -24"><span class='ocrx_word' id='word_1_179' title='bbox 896 2599 1046 2674; x_wconf 80' lang='lat' dir='ltr'>suos</span> <span class='ocrx_word' id='word_1_180' title='bbox 1094 2603 1180 2689; x_wconf 80' lang='lat' dir='ltr'>ad</span> <span class='ocrx_word' id='word_1_181' title='bbox 1205 2603 1334 2676; x_wconf 84' lang='lat' dir='ltr'>hoc</span> <span class='ocrx_word' id='word_1_182' title='bbox 1364 2597 1770 2674; x_wconf 85' lang='lat' dir='ltr'>affuefaciant</span> <span class='ocrx_word' id='word_1_183' title='bbox 1795 2649 1818 2686; x_wconf 89' lang='lat'>‚</span> <span class='ocrx_word' id='word_1_184' title='bbox 1858 2618 1936 2696; x_wconf 84' lang='lat' dir='ltr'>ut</span> <span class='ocrx_word' id='word_1_185' title='bbox 1988 2602 2054 2672; x_wconf 79' lang='lat' dir='ltr'>in</span> <span class='ocrx_word' id='word_1_186' title='bbox 2094 2597 2315 2676; x_wconf 80' lang='lat' dir='ltr'>verbis</span> <span class='ocrx_word' id='word_1_187' title='bbox 2355 2623 2551 2698; x_wconf 89' lang='lat' dir='ltr'>atque</span> <span class='ocrx_word' id='word_1_188' title='bbox 2601 2603 2670 2674; x_wconf 87' lang='lat' dir='ltr'>in</span> <span class='ocrx_word' id='word_1_189' title='bbox 2714 2602 2959 2675; x_wconf 85' lang='lat' dir='ltr'>cortice</span> <span class='ocrx_word' id='word_1_190' title='bbox 3006 2615 3091 2673; x_wconf 88' lang='lat' dir='ltr'>ne</span> <span class='ocrx_word' id='word_1_191' title='bbox 3132 2600 3425 2672; x_wconf 84' lang='lat' dir='ltr'>haereant</span> <span class='ocrx_word' id='word_1_192' title='bbox 3450 2649 3477 2686; x_wconf 90' lang='lat'>‚</span> <span class='ocrx_word' id='word_1_193' title='bbox 3518 2598 3653 2671; x_wconf 76' lang='lat' dir='ltr'>sed·</span> <span class='ocrx_word' id='word_1_194' title='bbox 3684 2608 3814 2672; x_wconf 63' lang='lat' dir='ltr'>nu-</span> 
     </span>
     <span class='ocr_line' id='line_1_22' title="bbox 897 2691 3811 2796; baseline -0 -23"><span class='ocrx_word' id='word_1_195' title='bbox 897 2695 1221 2784; x_wconf 65' lang='lat' dir='ltr'>cleumfin</span> <span class='ocrx_word' id='word_1_196' title='bbox 1275 2702 1395 2773; x_wconf 83' lang='lat' dir='ltr'>illis</span> <span class='ocrx_word' id='word_1_197' title='bbox 1447 2691 1749 2794; x_wconf 70' lang='lat' dir='ltr'>quaerant</span> <span class='ocrx_word' id='word_1_198' title='bbox 1770 2748 1797 2785; x_wconf 85' lang='lat'>‚</span> <span class='ocrx_word' id='word_1_199' title='bbox 1843 2694 2090 2793; x_wconf 83' lang='lat' dir='ltr'>ubique</span> <span class='ocrx_word' id='word_1_200' title='bbox 2135 2698 2390 2773; x_wconf 72' lang='lat' dir='ltr'>{ensum</span> <span class='ocrx_word' id='word_1_201' title='bbox 2422 2711 2706 2796; x_wconf 85' lang='lat' dir='ltr'>eumque</span> <span class='ocrx_word' id='word_1_202' title='bbox 2749 2699 2996 2773; x_wconf 85' lang='lat' dir='ltr'>clarum</span> <span class='ocrx_word' id='word_1_203' title='bbox 3022 2747 3048 2787; x_wconf 87' lang='lat'>‚</span> <span class='ocrx_word' id='word_1_204' title='bbox 3113 2715 3465 2791; x_wconf 82' lang='lat' dir='ltr'>quantum·</span> <span class='ocrx_word' id='word_1_205' title='bbox 3494 2698 3811 2791; x_wconf 67' lang='lat' dir='ltr'>cujusque</span> 
     </span>
    </p>
   </div>
   <div class='ocr_carea' id='block_1_12' title="bbox 506 2793 3816 2994">
    <p class='ocr_par' dir='ltr' id='par_1_12' title="bbox 506 2793 3816 2994">
     <span class='ocr_line' id='line_1_23' title="bbox 509 2793 3816 2910; baseline -0.002 -36"><span class='ocrx_word' id='word_1_206' title='bbox 509 2829 640 2886; x_wconf 81' lang='lat' dir='ltr'>Mos</span> <span class='ocrx_word' id='word_1_207' title='bbox 658 2844 783 2910; x_wconf 61' lang='grc' dir='ltr'>Ρη.</span> <span class='ocrx_word' id='word_1_208' title='bbox 893 2809 1057 2874; x_wconf 71' lang='lat' dir='ltr'>‘aetas</span> <span class='ocrx_word' id='word_1_209' title='bbox 1105 2800 1235 2873; x_wconf 86' lang='lat' dir='ltr'>fert</span> <span class='ocrx_word' id='word_1_210' title='bbox 1263 2852 1287 2888; x_wconf 89' lang='lat'>,</span> <span class='ocrx_word' id='word_1_211' title='bbox 1340 2803 1405 2873; x_wconf 89' lang='lat'>&amp;</span> <span class='ocrx_word' id='word_1_212' title='bbox 1448 2798 1821 2891; x_wconf 65' lang='lat' dir='ltr'>distinotum</span> <span class='ocrx_word' id='word_1_213' title='bbox 1857 2796 2259 2895; x_wconf 65' lang='lat' dir='ltr'>investigent.</span> <span class='ocrx_word' id='word_1_214' title='bbox 2355 2799 2431 2874; x_wconf 91' lang='lat' dir='ltr'>N</span> <span class='ocrx_word' id='word_1_215' title='bbox 2430 2825 2518 2874; x_wconf 90' lang='lat' dir='ltr'>on</span> <span class='ocrx_word' id='word_1_216' title='bbox 2547 2795 2701 2905; x_wconf 63' lang='lat' dir='ltr'>tum⁸</span> <span class='ocrx_word' id='word_1_217' title='bbox 2725 2796 3032 2895; x_wconf 82' lang='lat' dir='ltr'>praeclare</span> <span class='ocrx_word' id='word_1_218' title='bbox 3077 2819 3348 2870; x_wconf 85' lang='lat' dir='ltr'>munere</span> <span class='ocrx_word' id='word_1_219' title='bbox 3396 2793 3519 2869; x_wconf 87' lang='lat' dir='ltr'>suo</span> <span class='ocrx_word' id='word_1_220' title='bbox 3584 2794 3650 2869; x_wconf 86' lang='lat' dir='ltr'>se</span> <span class='ocrx_word' id='word_1_221' title='bbox 3697 2797 3816 2872; x_wconf 71' lang='grc' dir='ltr'>ἀὲ·-</span> 
     </span>
     <span class='ocr_line' id='line_1_24' title="bbox 506 2892 3815 2994; baseline 0.001 -28"><span class='ocrx_word' id='word_1_222' title='bbox 506 2910 700 2986; x_wconf 64' lang='lat' dir='ltr'>veo-sus</span> <span class='ocrx_word' id='word_1_223' title='bbox 722 2917 803 2970; x_wconf 69' lang='lat' dir='ltr'>in-</span> <span class='ocrx_word' id='word_1_224' title='bbox 879 2897 1150 2973; x_wconf 62' lang='lat' dir='ltr'>Rmdtos</span> <span class='ocrx_word' id='word_1_225' title='bbox 1183 2897 1306 2971; x_wconf 81' lang='lat' dir='ltr'>effe</span> <span class='ocrx_word' id='word_1_226' title='bbox 1351 2916 1590 2992; x_wconf 84' lang='lat' dir='ltr'>putent</span> <span class='ocrx_word' id='word_1_227' title='bbox 1616 2896 1900 2993; x_wconf 80' lang='lat' dir='ltr'>magistri</span> <span class='ocrx_word' id='word_1_228' title='bbox 1920 2947 1949 2984; x_wconf 86' lang='lat'>‚</span> <span class='ocrx_word' id='word_1_229' title='bbox 2006 2923 2161 2989; x_wconf 79' lang='lat' dir='ltr'>cum</span> <span class='ocrx_word' id='word_1_230' title='bbox 2202 2925 2341 2976; x_wconf 91' lang='lat' dir='ltr'>non</span> <span class='ocrx_word' id='word_1_231' title='bbox 2372 2896 2507 2972; x_wconf 83' lang='lat' dir='ltr'>fine</span> <span class='ocrx_word' id='word_1_232' title='bbox 2567 2897 2943 2994; x_wconf 73' lang='lat' dir='ltr'>&#39;ingentibus</span> <span class='ocrx_word' id='word_1_233' title='bbox 2979 2897 3182 2991; x_wconf 81' lang='lat' dir='ltr'>plagis</span> <span class='ocrx_word' id='word_1_234' title='bbox 3212 2892 3420 2967; x_wconf 86' lang='lat' dir='ltr'>verba</span> <span class='ocrx_word' id='word_1_235' title='bbox 3445 2898 3815 2990; x_wconf 76' lang='lat' dir='ltr'>quaedam,</span> 
     </span>
    </p>
   </div>
   <div class='ocr_carea' id='block_1_13' title="bbox 491 2987 3947 3092">
    <p class='ocr_par' dir='ltr' id='par_1_13' title="bbox 491 2987 3947 3092">
     <span class='ocr_line' id='line_1_25' title="bbox 491 2987 3947 3092; baseline 0 -25"><span class='ocrx_word' id='word_1_236' title='bbox 491 2987 779 3067; x_wconf 66' lang='lat' dir='ltr'>stmeendi.</span> <span class='ocrx_word' id='word_1_237' title='bbox 891 2996 1104 3071; x_wconf 84' lang='lat' dir='ltr'>nesci&#39;o</span> <span class='ocrx_word' id='word_1_238' title='bbox 1146 2997 1411 3092; x_wconf 86' lang='lat' dir='ltr'>quando</span> <span class='ocrx_word' id='word_1_239' title='bbox 1441 2995 1855 3086; x_wconf 76' lang='lat' dir='ltr'>intelligenda</span> <span class='ocrx_word' id='word_1_240' title='bbox 1880 3044 1906 3081; x_wconf 88' lang='lat'>‚</span> <span class='ocrx_word' id='word_1_241' title='bbox 1956 3000 2295 3070; x_wconf 79' lang='lat' dir='ltr'>memoriae</span> <span class='ocrx_word' id='word_1_242' title='bbox 2336 2992 2800 3090; x_wconf 78' lang='lat' dir='ltr'>discipu&#39;ormn</span> <span class='ocrx_word' id='word_1_243' title='bbox 2834 2995 3208 3067; x_wconf 84' lang='lat' dir='ltr'>intruserint</span> <span class='ocrx_word' id='word_1_244' title='bbox 3232 3019 3253 3063; x_wconf 72' lang='grc' dir='ltr'><em>ε</em></span> <span class='ocrx_word' id='word_1_245' title='bbox 3278 3018 3438 3088; x_wconf 81' lang='lat' dir='ltr'>quae</span> <span class='ocrx_word' id='word_1_246' title='bbox 3454 3045 3481 3081; x_wconf 87' lang='lat'>‚</span> <span class='ocrx_word' id='word_1_247' title='bbox 3531 3002 3695 3067; x_wconf 65' lang='lat' dir='ltr'>cuth-</span> <span class='ocrx_word' id='word_1_248' title='bbox 3712 3003 3820 3068; x_wconf 75' lang='lat' dir='ltr'>re-</span> <span class='ocrx_word' id='word_1_249' title='bbox 3941 3034 3947 3045; x_wconf 91' lang='lat'><strong>·</strong></span> 
     </span>
    </p>
   </div>
   <div class='ocr_carea' id='block_1_14' title="bbox 836 3087 3923 3680">
    <p class='ocr_par' dir='ltr' id='par_1_14' title="bbox 836 3087 3923 3680">
     <span class='ocr_line' id='line_1_26' title="bbox 836 3087 3818 3187; baseline 0 -21"><span class='ocrx_word' id='word_1_250' title='bbox 836 3152 864 3166; x_wconf 75' lang='lat'>..</span> <span class='ocrx_word' id='word_1_251' title='bbox 888 3095 1070 3169; x_wconf 89' lang='lat' dir='ltr'>citari</span> <span class='ocrx_word' id='word_1_252' title='bbox 1094 3096 1412 3181; x_wconf 85' lang='lat' dir='ltr'>audiunt,</span> <span class='ocrx_word' id='word_1_253' title='bbox 1463 3089 1590 3164; x_wconf 86' lang='lat' dir='ltr'>fibi</span> <span class='ocrx_word' id='word_1_254' title='bbox 1629 3087 1747 3185; x_wconf 80' lang='lat' dir='ltr'>ipsi</span> <span class='ocrx_word' id='word_1_255' title='bbox 1791 3091 2171 3184; x_wconf 82' lang='lat' dir='ltr'><strong>plaudentes</strong></span> <span class='ocrx_word' id='word_1_256' title='bbox 2195 3143 2219 3180; x_wconf 87' lang='lat'>‚</span> <span class='ocrx_word' id='word_1_257' title='bbox 2258 3093 2362 3173; x_wconf 89' lang='lat' dir='ltr'>En</span> <span class='ocrx_word' id='word_1_258' title='bbox 2383 3144 2408 3179; x_wconf 87' lang='lat'>‚</span> <span class='ocrx_word' id='word_1_259' title='bbox 2459 3094 2771 3184; x_wconf 87' lang='lat' dir='ltr'>inquiunt</span> <span class='ocrx_word' id='word_1_260' title='bbox 2792 3144 2817 3181; x_wconf 87' lang='lat'>‚</span> <span class='ocrx_word' id='word_1_261' title='bbox 2868 3092 3027 3187; x_wconf 80' lang='lat' dir='ltr'>quid</span> <span class='ocrx_word' id='word_1_262' title='bbox 3054 3089 3381 3186; x_wconf 81' lang='lat' dir='ltr'>disciplina</span> <span class='ocrx_word' id='word_1_263' title='bbox 3401 3090 3604 3185; x_wconf 84' lang='lat' dir='ltr'>poffit</span> <span class='ocrx_word' id='word_1_264' title='bbox 3627 3091 3664 3164; x_wconf 70' lang='grc' dir='ltr'>ξ’</span> <span class='ocrx_word' id='word_1_265' title='bbox 3710 3094 3818 3167; x_wconf 80' lang='lat' dir='ltr'>Ut</span> 
     </span>
     <span class='ocr_line' id='line_1_27' title="bbox 883 3187 3923 3287; baseline -0.002 -18"><span class='ocrx_word' id='word_1_266' title='bbox 883 3197 1153 3271; x_wconf 77' lang='lat' dir='ltr'>recitat!</span> <span class='ocrx_word' id='word_1_267' title='bbox 1189 3202 1418 3287; x_wconf 67' lang='lat' dir='ltr'>&#39;quam&#39;</span> <span class='ocrx_word' id='word_1_268' title='bbox 1447 3190 1731 3262; x_wconf 74' lang='lat' dir='ltr'>celeriter</span> <span class='ocrx_word' id='word_1_269' title='bbox 1766 3240 1790 3276; x_wconf 88' lang='lat'>,</span> <span class='ocrx_word' id='word_1_270' title='bbox 1826 3206 2173 3283; x_wconf 85' lang='lat' dir='ltr'>prompte,</span> <span class='ocrx_word' id='word_1_271' title='bbox 2206 3190 2509 3286; x_wconf 82' lang='lat' dir='ltr'>expedite</span> <span class='ocrx_word' id='word_1_272' title='bbox 2542 3188 2872 3266; x_wconf 50' lang='lat' dir='ltr'>lvPsrtta&#39;ci</span> <span class='ocrx_word' id='word_1_273' title='bbox 2895 3188 3166 3263; x_wconf 77' lang='lat' dir='ltr'>istalaus</span> <span class='ocrx_word' id='word_1_274' title='bbox 3188 3187 3315 3262; x_wconf 85' lang='lat' dir='ltr'>est.-</span> <span class='ocrx_word' id='word_1_275' title='bbox 3357 3192 3636 3279; x_wconf 69' lang='lat' dir='ltr'>Quanto</span> <span class='ocrx_word' id='word_1_276' title='bbox 3664 3191 3818 3263; x_wconf 81' lang='lat' dir='ltr'>laus</span> <span class='ocrx_word' id='word_1_277' title='bbox 3905 3271 3923 3283; x_wconf 84' lang='lat'><strong>.</strong></span> 
     </span>
     <span class='ocr_line' id='line_1_28' title="bbox 880 3287 3800 3386; baseline -0.001 -21"><span class='ocrx_word' id='word_1_278' title='bbox 880 3294 1152 3371; x_wconf 87' lang='lat' dir='ltr'>homine</span> <span class='ocrx_word' id='word_1_279' title='bbox 1194 3293 1450 3386; x_wconf 84' lang='lat' dir='ltr'>dignior</span> <span class='ocrx_word' id='word_1_280' title='bbox 1490 3291 1512 3360; x_wconf 70' lang='lat'>2</span> <span class='ocrx_word' id='word_1_281' title='bbox 1561 3290 1789 3377; x_wconf 66' lang='lat' dir='ltr'>Quam</span> <span class='ocrx_word' id='word_1_282' title='bbox 1831 3287 2192 3361; x_wconf 77' lang='lat' dir='ltr'>luculenter</span> <span class='ocrx_word' id='word_1_283' title='bbox 2218 3291 2289 3362; x_wconf 88' lang='lat' dir='ltr'>in</span> <span class='ocrx_word' id='word_1_284' title='bbox 2331 3288 2483 3365; x_wconf 87' lang='lat' dir='ltr'>istac</span> <span class='ocrx_word' id='word_1_285' title='bbox 2515 3309 2710 3363; x_wconf 82' lang='lat' dir='ltr'>aetate</span> <span class='ocrx_word' id='word_1_286' title='bbox 2751 3290 2926 3382; x_wconf 80' lang='lat' dir='ltr'>ratio</span> <span class='ocrx_word' id='word_1_287' title='bbox 2952 3337 2978 3375; x_wconf 89' lang='lat'>‚</span> <span class='ocrx_word' id='word_1_288' title='bbox 3018 3313 3150 3383; x_wconf 89' lang='lat' dir='ltr'>qua</span> <span class='ocrx_word' id='word_1_289' title='bbox 3196 3288 3494 3361; x_wconf 74' lang='lat' dir='ltr'>homines</span> <span class='ocrx_word' id='word_1_290' title='bbox 3533 3289 3800 3376; x_wconf 68' lang='lat' dir='ltr'>sumtu,</span> 
     </span>
     <span class='ocr_line' id='line_1_29' title="bbox 881 3384 3812 3483; baseline -0.001 -21"><span class='ocrx_word' id='word_1_291' title='bbox 881 3388 949 3462; x_wconf 82' lang='lat' dir='ltr'>se</span> <span class='ocrx_word' id='word_1_292' title='bbox 983 3389 1241 3469; x_wconf 71' lang='lat' dir='ltr'>exerit?</span> <span class='ocrx_word' id='word_1_293' title='bbox 1284 3412 1485 3483; x_wconf 85' lang='lat' dir='ltr'>quam</span> <span class='ocrx_word' id='word_1_294' title='bbox 1524 3387 1691 3461; x_wconf 87' lang='lat' dir='ltr'>clare</span> <span class='ocrx_word' id='word_1_295' title='bbox 1727 3384 2241 3460; x_wconf 78' lang='lat' dir='ltr'>adolescentulus</span> <span class='ocrx_word' id='word_1_296' title='bbox 2286 3387 2402 3461; x_wconf 88' lang='lat' dir='ltr'>ista</span> <span class='ocrx_word' id='word_1_297' title='bbox 2427 3389 2728 3483; x_wconf 82' lang='lat' dir='ltr'>intelligit</span> <span class='ocrx_word' id='word_1_298' title='bbox 2748 3439 2771 3474; x_wconf 92' lang='lat'>,</span> <span class='ocrx_word' id='word_1_299' title='bbox 2822 3410 3026 3481; x_wconf 86' lang='lat' dir='ltr'>quam</span> <span class='ocrx_word' id='word_1_300' title='bbox 3076 3385 3222 3458; x_wconf 73' lang='lat' dir='ltr'>lane</span> <span class='ocrx_word' id='word_1_301' title='bbox 3260 3387 3541 3479; x_wconf 69' lang='lat' dir='ltr'>judicat,</span> <span class='ocrx_word' id='word_1_302' title='bbox 3590 3408 3812 3480; x_wconf 78' lang='lat' dir='ltr'>quam</span> 
     </span>
     <span class='ocr_line' id='line_1_30' title="bbox 871 3484 3816 3582; baseline -0.001 -22"><span class='ocrx_word' id='word_1_303' title='bbox 871 3510 1075 3562; x_wconf 79' lang='lat' dir='ltr'>acute</span> <span class='ocrx_word' id='word_1_304' title='bbox 1125 3489 1271 3561; x_wconf 85' lang='lat' dir='ltr'>haec</span> <span class='ocrx_word' id='word_1_305' title='bbox 1308 3486 1604 3560; x_wconf 86' lang='lat' dir='ltr'>discernit</span> <span class='ocrx_word' id='word_1_306' title='bbox 1628 3534 1656 3574; x_wconf 84' lang='lat'>‚</span> <span class='ocrx_word' id='word_1_307' title='bbox 1711 3509 1915 3581; x_wconf 87' lang='lat' dir='ltr'>quam</span> <span class='ocrx_word' id='word_1_308' title='bbox 1955 3504 2108 3580; x_wconf 82' lang='lat' dir='ltr'>apte</span> <span class='ocrx_word' id='word_1_309' title='bbox 2161 3487 2247 3560; x_wconf 82' lang='lat' dir='ltr'>ad</span> <span class='ocrx_word' id='word_1_310' title='bbox 2285 3487 2867 3582; x_wconf 72' lang='lat' dir='ltr'>interrogacionem</span> <span class='ocrx_word' id='word_1_311' title='bbox 2901 3484 3500 3579; x_wconf 80' lang='lat' dir='ltr'>quomodocunque</span> <span class='ocrx_word' id='word_1_312' title='bbox 3552 3507 3816 3579; x_wconf 81' lang='lat' dir='ltr'>propo-</span> 
     </span>
     <span class='ocr_line' id='line_1_31' title="bbox 883 3581 3765 3680; baseline -0.002 -22"><span class='ocrx_word' id='word_1_313' title='bbox 883 3581 1077 3661; x_wconf 86' lang='lat' dir='ltr'>fitam</span> <span class='ocrx_word' id='word_1_314' title='bbox 1118 3583 1468 3680; x_wconf 85' lang='lat' dir='ltr'>respondet</span> <span class='ocrx_word' id='word_1_315' title='bbox 1497 3587 1544 3657; x_wconf 71' lang='lat'>,³</span> <span class='ocrx_word' id='word_1_316' title='bbox 2650 3603 2667 3609; x_wconf 82' lang='lat'><strong>·</strong></span> <span class='ocrx_word' id='word_1_317' title='bbox 3180 3590 3214 3632; x_wconf 68' lang='lat'>“-</span> <span class='ocrx_word' id='word_1_318' title='bbox 3758 3604 3765 3611; x_wconf 85' lang='grc'><em>·</em></span> 
     </span>
    </p>
   </div>
   <div class='ocr_carea' id='block_1_15' title="bbox 879 3773 3825 4744">
    <p class='ocr_par' dir='ltr' id='par_1_15' title="bbox 879 3773 3825 4660">
     <span class='ocr_line' id='line_1_32' title="bbox 1072 3773 3821 3876; baseline 0.002 -24"><span class='ocrx_word' id='word_1_319' title='bbox 1072 3779 1336 3876; x_wconf 86' lang='lat' dir='ltr'>Judicet</span> <span class='ocrx_word' id='word_1_320' title='bbox 1371 3773 1647 3872; x_wconf 84' lang='lat' dir='ltr'>quilibet</span> <span class='ocrx_word' id='word_1_321' title='bbox 1695 3801 1823 3869; x_wconf 90' lang='lat' dir='ltr'>pro</span> <span class='ocrx_word' id='word_1_322' title='bbox 1869 3796 2067 3869; x_wconf 90' lang='lat' dir='ltr'>captu</span> <span class='ocrx_word' id='word_1_323' title='bbox 2109 3773 2225 3851; x_wconf 89' lang='lat' dir='ltr'>suo</span> <span class='ocrx_word' id='word_1_324' title='bbox 2289 3779 2373 3851; x_wconf 83' lang='lat' dir='ltr'>de</span> <span class='ocrx_word' id='word_1_325' title='bbox 2433 3775 2937 3853; x_wconf 83' lang='lat' dir='ltr'>adolescentium</span> <span class='ocrx_word' id='word_1_326' title='bbox 2986 3778 3387 3854; x_wconf 85' lang='lat' dir='ltr'>institutione</span> <span class='ocrx_word' id='word_1_327' title='bbox 3411 3809 3440 3866; x_wconf 85' lang='lat'>‚-</span> <span class='ocrx_word' id='word_1_328' title='bbox 3497 3781 3658 3855; x_wconf 85' lang='lat' dir='ltr'>mihi</span> <span class='ocrx_word' id='word_1_329' title='bbox 3712 3782 3821 3857; x_wconf 84' lang='lat' dir='ltr'>ini</span> 
     </span>
     <span class='ocr_line' id='line_1_33' title="bbox 879 3875 3819 3975; baseline 0.001 -25"><span class='ocrx_word' id='word_1_330' title='bbox 879 3879 1027 3975; x_wconf 82' lang='lat' dir='ltr'>plus</span> <span class='ocrx_word' id='word_1_331' title='bbox 1071 3875 1348 3952; x_wconf 79' lang='lat' dir='ltr'>didicifl‘e</span> <span class='ocrx_word' id='word_1_332' title='bbox 1372 3876 1677 3948; x_wconf 85' lang='lat' dir='ltr'>videntur</span> <span class='ocrx_word' id='word_1_333' title='bbox 1700 3923 1725 3961; x_wconf 89' lang='lat'>,</span> <span class='ocrx_word' id='word_1_334' title='bbox 1756 3875 1870 3967; x_wconf 88' lang='lat' dir='ltr'>qui</span> <span class='ocrx_word' id='word_1_335' title='bbox 1882 3923 1907 3959; x_wconf 86' lang='lat'>‚</span> <span class='ocrx_word' id='word_1_336' title='bbox 1944 3898 2097 3965; x_wconf 84' lang='lat' dir='ltr'>quae</span> <span class='ocrx_word' id='word_1_337' title='bbox 2121 3875 2491 3970; x_wconf 85' lang='lat' dir='ltr'>intelligunt</span> <span class='ocrx_word' id='word_1_338' title='bbox 2510 3926 2537 3963; x_wconf 90' lang='lat'>‚</span> <span class='ocrx_word' id='word_1_339' title='bbox 2577 3876 3107 3971; x_wconf 86' lang='lat' dir='ltr'>qualitercunque</span> <span class='ocrx_word' id='word_1_340' title='bbox 3139 3877 3521 3951; x_wconf 86' lang='lat' dir='ltr'>balbutiunt</span> <span class='ocrx_word' id='word_1_341' title='bbox 3537 3930 3563 3966; x_wconf 85' lang='lat'>,</span> <span class='ocrx_word' id='word_1_342' title='bbox 3595 3906 3819 3973; x_wconf 88' lang='lat' dir='ltr'>quam</span> 
     </span>
     <span class='ocr_line' id='line_1_34' title="bbox 884 3971 3822 4070; baseline 0.002 -24"><span class='ocrx_word' id='word_1_343' title='bbox 884 3976 932 4046; x_wconf 88' lang='lat' dir='ltr'>ii</span> <span class='ocrx_word' id='word_1_344' title='bbox 988 3975 1104 4065; x_wconf 88' lang='lat' dir='ltr'>qui</span> <span class='ocrx_word' id='word_1_345' title='bbox 1143 4024 1169 4061; x_wconf 87' lang='lat'>‚</span> <span class='ocrx_word' id='word_1_346' title='bbox 1195 3999 1347 4067; x_wconf 78' lang='lat' dir='ltr'>quae</span> <span class='ocrx_word' id='word_1_347' title='bbox 1370 3997 1508 4045; x_wconf 91' lang='lat' dir='ltr'>non</span> <span class='ocrx_word' id='word_1_348' title='bbox 1534 3971 1906 4063; x_wconf 82' lang='lat' dir='ltr'>intelligunt</span> <span class='ocrx_word' id='word_1_349' title='bbox 1931 4021 1956 4058; x_wconf 86' lang='lat'>,</span> <span class='ocrx_word' id='word_1_350' title='bbox 2010 3971 2481 4062; x_wconf 84' lang='lat' dir='ltr'>expeditiffime</span> <span class='ocrx_word' id='word_1_351' title='bbox 2507 3975 2799 4047; x_wconf 87' lang='lat' dir='ltr'>recitant.</span> <span class='ocrx_word' id='word_1_352' title='bbox 2869 3975 3000 4048; x_wconf 83' lang='lat' dir='ltr'>Eos</span> <span class='ocrx_word' id='word_1_353' title='bbox 3043 3996 3255 4064; x_wconf 87' lang='lat' dir='ltr'>certe,</span> <span class='ocrx_word' id='word_1_354' title='bbox 3309 3979 3425 4070; x_wconf 90' lang='lat' dir='ltr'>qui</span> <span class='ocrx_word' id='word_1_355' title='bbox 3455 3976 3660 4050; x_wconf 85' lang='lat' dir='ltr'>verba</span> <span class='ocrx_word' id='word_1_356' title='bbox 3702 4006 3822 4051; x_wconf 86' lang='lat' dir='ltr'>re-</span> 
     </span>
     <span class='ocr_line' id='line_1_35' title="bbox 887 4066 3820 4172; baseline 0.003 -30"><span class='ocrx_word' id='word_1_357' title='bbox 887 4073 1097 4166; x_wconf 87' lang='lat' dir='ltr'>perire</span> <span class='ocrx_word' id='word_1_358' title='bbox 1127 4072 1245 4145; x_wconf 83' lang='lat' dir='ltr'>vix</span> <span class='ocrx_word' id='word_1_359' title='bbox 1276 4066 1584 4164; x_wconf 82' lang='lat' dir='ltr'>poffunt,</span> <span class='ocrx_word' id='word_1_360' title='bbox 1629 4066 1868 4161; x_wconf 84' lang='lat' dir='ltr'>quibus</span> <span class='ocrx_word' id='word_1_361' title='bbox 1913 4066 2299 4141; x_wconf 89' lang='lat' dir='ltr'>sententiam</span> <span class='ocrx_word' id='word_1_362' title='bbox 2353 4073 2722 4166; x_wconf 86' lang='lat' dir='ltr'>exprimant</span> <span class='ocrx_word' id='word_1_363' title='bbox 2748 4122 2773 4160; x_wconf 88' lang='lat'>,</span> <span class='ocrx_word' id='word_1_364' title='bbox 2819 4070 3013 4166; x_wconf 85' lang='lat' dir='ltr'>longe</span> <span class='ocrx_word' id='word_1_365' title='bbox 3062 4074 3182 4146; x_wconf 81' lang='lat' dir='ltr'>illis</span> <span class='ocrx_word' id='word_1_366' title='bbox 3228 4092 3561 4169; x_wconf 87' lang='lat' dir='ltr'>antepono</span> <span class='ocrx_word' id='word_1_367' title='bbox 3588 4125 3616 4162; x_wconf 86' lang='lat'>‚</span> <span class='ocrx_word' id='word_1_368' title='bbox 3684 4081 3820 4172; x_wconf 82' lang='lat' dir='ltr'>qui</span> 
     </span>
     <span class='ocr_line' id='line_1_36' title="bbox 885 4162 3815 4267; baseline 0.003 -26"><span class='ocrx_word' id='word_1_369' title='bbox 885 4168 1271 4241; x_wconf 84' lang='lat' dir='ltr'>sententiam</span> <span class='ocrx_word' id='word_1_370' title='bbox 1301 4162 1519 4240; x_wconf 77' lang='lat' dir='ltr'>verbis</span> <span class='ocrx_word' id='word_1_371' title='bbox 1549 4217 1575 4254; x_wconf 87' lang='lat'>‚</span> <span class='ocrx_word' id='word_1_372' title='bbox 1625 4190 1778 4259; x_wconf 84' lang='lat' dir='ltr'>quae</span> <span class='ocrx_word' id='word_1_373' title='bbox 1814 4168 1885 4239; x_wconf 89' lang='lat' dir='ltr'>in</span> <span class='ocrx_word' id='word_1_374' title='bbox 1919 4187 2238 4262; x_wconf 85' lang='lat' dir='ltr'>promptu</span> <span class='ocrx_word' id='word_1_375' title='bbox 2278 4165 2526 4243; x_wconf 86' lang='lat' dir='ltr'>habent</span> <span class='ocrx_word' id='word_1_376' title='bbox 2562 4220 2588 4258; x_wconf 85' lang='lat'>‚</span> <span class='ocrx_word' id='word_1_377' title='bbox 2656 4166 3015 4261; x_wconf 63' lang='lat' dir='ltr'>subjectam</span> <span class='ocrx_word' id='word_1_378' title='bbox 3065 4174 3361 4249; x_wconf 86' lang='lat' dir='ltr'>invenire</span> <span class='ocrx_word' id='word_1_379' title='bbox 3432 4196 3815 4267; x_wconf 86' lang='lat' dir='ltr'>nequeunt.</span> 
     </span>
     <span class='ocr_line' id='line_1_37' title="bbox 883 4260 3821 4363; baseline 0.003 -23"><span class='ocrx_word' id='word_1_380' title='bbox 883 4267 1040 4340; x_wconf 88' lang='lat' dir='ltr'>Hoc</span> <span class='ocrx_word' id='word_1_381' title='bbox 1085 4286 1309 4341; x_wconf 87' lang='lat' dir='ltr'>autem</span> <span class='ocrx_word' id='word_1_382' title='bbox 1341 4286 1419 4339; x_wconf 90' lang='lat' dir='ltr'>ut</span> <span class='ocrx_word' id='word_1_383' title='bbox 1454 4267 1736 4339; x_wconf 86' lang='lat' dir='ltr'>evitetur</span> <span class='ocrx_word' id='word_1_384' title='bbox 1763 4310 1787 4345; x_wconf 87' lang='lat'><strong>,</strong></span> <span class='ocrx_word' id='word_1_385' title='bbox 1838 4260 2222 4339; x_wconf 84' lang='lat' dir='ltr'>differantur</span> <span class='ocrx_word' id='word_1_386' title='bbox 2246 4317 2270 4353; x_wconf 90' lang='lat'>,</span> <span class='ocrx_word' id='word_1_387' title='bbox 2330 4292 2653 4361; x_wconf 84' lang='lat' dir='ltr'>quantum</span> <span class='ocrx_word' id='word_1_388' title='bbox 2704 4269 2773 4343; x_wconf 89' lang='lat' dir='ltr'>id</span> <span class='ocrx_word' id='word_1_389' title='bbox 2813 4294 2913 4341; x_wconf 80' lang='lat' dir='ltr'>res</span> <span class='ocrx_word' id='word_1_390' title='bbox 2965 4273 3210 4363; x_wconf 87' lang='lat' dir='ltr'>patitur</span> <span class='ocrx_word' id='word_1_391' title='bbox 3233 4323 3257 4359; x_wconf 89' lang='lat'>‚</span> <span class='ocrx_word' id='word_1_392' title='bbox 3290 4272 3512 4346; x_wconf 86' lang='lat' dir='ltr'>omnia</span> <span class='ocrx_word' id='word_1_393' title='bbox 3552 4273 3659 4343; x_wconf 81' lang='lat' dir='ltr'>illa</span> <span class='ocrx_word' id='word_1_394' title='bbox 3734 4276 3821 4349; x_wconf 86' lang='lat' dir='ltr'>in</span> 
     </span>
     <span class='ocr_line' id='line_1_38' title="bbox 887 4359 3825 4464; baseline 0.003 -27"><span class='ocrx_word' id='word_1_395' title='bbox 887 4375 1159 4437; x_wconf 80' lang='lat' dir='ltr'>aetatem</span> <span class='ocrx_word' id='word_1_396' title='bbox 1208 4365 1599 4438; x_wconf 87' lang='lat' dir='ltr'>adultiorem</span> <span class='ocrx_word' id='word_1_397' title='bbox 1624 4413 1651 4450; x_wconf 84' lang='lat'>‚</span> <span class='ocrx_word' id='word_1_398' title='bbox 1694 4386 1848 4457; x_wconf 85' lang='lat' dir='ltr'>quae</span> <span class='ocrx_word' id='word_1_399' title='bbox 1892 4359 1943 4435; x_wconf 85' lang='lat' dir='ltr'><strong>fi</strong></span> <span class='ocrx_word' id='word_1_400' title='bbox 1992 4364 2351 4439; x_wconf 88' lang='lat' dir='ltr'>doceantur</span> <span class='ocrx_word' id='word_1_401' title='bbox 2406 4417 2432 4455; x_wconf 84' lang='lat'>‚</span> <span class='ocrx_word' id='word_1_402' title='bbox 2503 4387 2682 4442; x_wconf 80' lang='lat' dir='ltr'>certo</span> <span class='ocrx_word' id='word_1_403' title='bbox 2742 4366 2896 4439; x_wconf 88' lang='lat' dir='ltr'>scire</span> <span class='ocrx_word' id='word_1_404' title='bbox 2967 4368 3298 4462; x_wconf 83' lang='lat' dir='ltr'>poffiunus</span> <span class='ocrx_word' id='word_1_405' title='bbox 3346 4419 3371 4456; x_wconf 86' lang='lat'>,</span> <span class='ocrx_word' id='word_1_406' title='bbox 3450 4366 3825 4464; x_wconf 67' lang='lat' dir='ltr'>discipulos</span> 
     </span>
     <span class='ocr_line' id='line_1_39' title="bbox 889 4457 3824 4559; baseline 0.001 -25"><span class='ocrx_word' id='word_1_407' title='bbox 889 4487 1009 4559; x_wconf 88' lang='lat' dir='ltr'>per</span> <span class='ocrx_word' id='word_1_408' title='bbox 1058 4480 1325 4536; x_wconf 80' lang='lat' dir='ltr'>aetatem</span> <span class='ocrx_word' id='word_1_409' title='bbox 1363 4464 1522 4537; x_wconf 88' lang='lat' dir='ltr'>nihil</span> <span class='ocrx_word' id='word_1_410' title='bbox 1567 4457 1689 4534; x_wconf 78' lang='lat' dir='ltr'>nist</span> <span class='ocrx_word' id='word_1_411' title='bbox 1735 4458 1943 4535; x_wconf 86' lang='lat' dir='ltr'>verba</span> <span class='ocrx_word' id='word_1_412' title='bbox 1990 4461 2226 4536; x_wconf 84' lang='lat' dir='ltr'>discere</span> <span class='ocrx_word' id='word_1_413' title='bbox 2279 4465 2452 4557; x_wconf 85' lang='lat' dir='ltr'>poffe</span> <span class='ocrx_word' id='word_1_414' title='bbox 2514 4493 2533 4536; x_wconf 72' lang='grc' dir='ltr'><strong><em>ε</em></strong></span> <span class='ocrx_word' id='word_1_415' title='bbox 2605 4465 2819 4558; x_wconf 88' lang='lat' dir='ltr'>qualia</span> <span class='ocrx_word' id='word_1_416' title='bbox 2863 4465 3010 4537; x_wconf 89' lang='lat' dir='ltr'>sane</span> <span class='ocrx_word' id='word_1_417' title='bbox 3061 4471 3267 4540; x_wconf 86' lang='lat' dir='ltr'>multa</span> <span class='ocrx_word' id='word_1_418' title='bbox 3322 4470 3393 4539; x_wconf 89' lang='lat' dir='ltr'>in</span> <span class='ocrx_word' id='word_1_419' title='bbox 3444 4466 3824 4546; x_wconf 82' lang='lat' dir='ltr'>Gramma.</span> 
     </span>
     <span class='ocr_line' id='line_1_40' title="bbox 885 4558 3817 4660; baseline 0.001 -24"><span class='ocrx_word' id='word_1_420' title='bbox 885 4560 1028 4636; x_wconf 77' lang='lat' dir='ltr'>ticis</span> <span class='ocrx_word' id='word_1_421' title='bbox 1058 4609 1087 4650; x_wconf 85' lang='lat'>‚</span> <span class='ocrx_word' id='word_1_422' title='bbox 1145 4560 1401 4658; x_wconf 82' lang='lat' dir='ltr'>Logicis·</span> <span class='ocrx_word' id='word_1_423' title='bbox 1440 4611 1469 4653; x_wconf 84' lang='lat'>,</span> <span class='ocrx_word' id='word_1_424' title='bbox 1506 4592 1509 4597; x_wconf 87' lang='lat'><strong>·</strong></span> <span class='ocrx_word' id='word_1_425' title='bbox 1541 4563 1608 4634; x_wconf 70' lang='grc' dir='ltr'>δι</span> <span class='ocrx_word' id='word_1_426' title='bbox 1657 4560 2022 4637; x_wconf 78' lang='lat' dir='ltr'>Rhetoricis</span> <span class='ocrx_word' id='word_1_427' title='bbox 2072 4558 2525 4653; x_wconf 82' lang='lat' dir='ltr'>systematibus</span> <span class='ocrx_word' id='word_1_428' title='bbox 2583 4583 2983 4651; x_wconf 78' lang='lat' dir='ltr'>ocem-runt,-</span> <span class='ocrx_word' id='word_1_429' title='bbox 3036 4591 3121 4639; x_wconf 83' lang='lat' dir='ltr'>ex</span> <span class='ocrx_word' id='word_1_430' title='bbox 3168 4564 3409 4660; x_wconf 80' lang='lat' dir='ltr'>quibus</span> <span class='ocrx_word' id='word_1_431' title='bbox 3454 4564 3717 4640; x_wconf 82' lang='lat' dir='ltr'>artibus</span> <span class='ocrx_word' id='word_1_432' title='bbox 3780 4623 3817 4659; x_wconf 88' lang='lat'><em>,</em></span> 
     </span>
    </p>

    <p class='ocr_par' dir='ltr' id='par_1_16' title="bbox 3754 4667 3823 4744">
     <span class='ocr_line' id='line_1_41' title="bbox 3754 4667 3823 4744; baseline 0 -3"><span class='ocrx_word' id='word_1_433' title='bbox 3754 4667 3823 4744; x_wconf 82' lang='lat' dir='ltr'><strong>fi</strong></span> 
     </span>
    </p>
   </div>
   <div class='ocr_carea' id='block_1_16' title="bbox 4158 2658 4173 4239">
    <p class='ocr_par' dir='ltr' id='par_1_17' title="bbox 4158 2658 4173 4239">
     <span class='ocr_line' id='line_1_42' title="bbox 4158 2658 4173 4239; baseline 0 0"><span class='ocrx_word' id='word_1_434' title='bbox 4158 2658 4173 4239; x_wconf 95' lang='lat' dir='ltr'> </span> 
     </span>
    </p>
   </div>
   <div class='ocr_carea' id='block_1_17' title="bbox 4158 2658 4173 4239">
    <p class='ocr_par' dir='ltr' id='par_1_18' title="bbox 4158 2658 4173 4239">
     <span class='ocr_line' id='line_1_43' title="bbox 4158 2658 4173 4239; baseline 0 0"><span class='ocrx_word' id='word_1_435' title='bbox 4158 2658 4173 4239; x_wconf 95' lang='lat' dir='ltr'> </span> 
     </span>
    </p>
   </div>
  </div>
 </body>
</html>
