4188 5670
1009 298 1827 379 Enunrro'ni
1937 297 2210 404 Car.
2318 296 2462 376 IX.
2883 341 2887 348 ·
3105 323 3211 399 95²

283 488 568 570 audiant&
589 514 618 574 ‚⁸
672 506 869 563 voces
905 475 1410 579 .fignificationis
1465 477 1754 554 confusae
1776 498 1819 550 ,ε
1866 480 1939 553 in
1991 480 2255 575 reliquis
2277 531 2300 569 ,
2354 507 2508 578 quae
2576 484 2790 557 varias
2825 484 3093 576 quidem
3151 513 3219 561 a..

284 592 409 690 pud
456 589 726 675 varios,
778 583 887 658 sed
950 605 1198 670 certas,
1241 579 1606 657 constantes
1663 583 1728 653 &
1784 578 2110 653 distinctas
2173 583 2477 658 notiones
2541 580 2929 677 significant,
2987 607 3216 657 omnes

280 708 568 765 accurate
630 699 1220 763 enumerarentur'3
1280 682 1362 754 ad
1408 700 1697 751 mentem
1748 685 2098 752 auclorum
2148 679 2474 774 perspicue
2542 680 2992 767 definirentur,
3039 684 3218 755 addi.

281 794 391 877 tis,
457 807 535 860 ut
574 788 642 859 in
691 785 941 862 Lexicis
978 780 1060 854 fit
1091 831 1114 867 ,
1155 781 1237 853 ad
1280 775 1560 874 singulas
1630 775 2042 852 definitiones
2103 782 2452 852 auctorum
2503 780 2836 874 exemplis.
2916 778 3057 852 Ubi
3118 801 3216 853 ta-

277 912 427 962 men.
476 889 542 959 &
600 886 729 957 hoc
773 881 1184 954 monendum
1227 876 1414 951 esset:
1459 873 1509 946 fi
1556 878 1662 948 hae
1724 875 1877 970 ipsae
1922 901 2120 950 voces
2171 872 2211 942 ὲ
2284 876 2682 972 quibusdam
2740 876 3211 971 scriptoribus,
3310 951 3317 956 .

281 1006 384 1061 aut
448 982 630 1060 nullo
658 1033 685 1071 ,
715 1000 839 1054 aut
889 982 1191 1066 incerto,
1234 996 1351 1051 aut
1400 973 1842 1064 inconstanti,
1895 995 2012 1049 aut
2046 973 2321 1049 confuso
2370 975 2554 1048 sensu
2602 974 3085 1070 usurparentur.

508 1181 660 1255 Dici
700 1204 841 1252 non
893 1175 1103 1273 potest
1126 1226 1150 1262 ,
1216 1192 1544 1268 quantum
1597 1173 1892 1246 utilitatis
1953 1199 2035 1246 ex
2085 1173 2201 1245 tali
2256 1172 2498 1246 Lexico
2546 1177 2615 1247 in
2655 1199 2811 1248 rem
2849 1175 3198 1249 litei-ariam
3238 1197 3378 1267 Ejm
3440 1180 3595 1276 aaliz

278 1281 632 1357 redundare
683 1274 882 1372 poffit
910 1327 934 1364 ,
999 1299 1154 1347 cum
1210 1273 1294 1345 ad
1355 1293 1525 1344 artes
1556 1290 1778 1365 ‘atque
1851 1271 2207 1367 disciplinas
2256 1272 2471 1343 omnis
2525 1276 2773 1369 generis
2839 1274 3198 1347 accuratius
3244 1296 3350 1344 tas·

281 1377 757 1474 intelligendas,
805 1398 956 1449 tum
1007 1375 1076 1446 in
1118 1372 1344 1465 primis
1390 1370 1474 1442 ad
1524 1388 1629 1442 tot
1667 1395 1868 1442 vanas
1918 1373 1977 1443 &
2032 1369 2288 1443 inutiles
2337 1372 2806 1466 Logomachias
2834 1397 2918 1444 ex
2966 1376 3040 1446 iis
3086 1394 3204 1446 aut
3434 1383 3483 1413 N

280 1476 537 1573 prorsus
592 1476 929 1563 tollendaS,
1002 1495 1119 1545 aut
1167 1468 1395 1542 saltem
1456 1470 1648 1540 valde
1698 1467 2103 1542 minuendas.
2193 1470 2416 1563 Digna
2481 1468 2627 1545 sane
2680 1497 2778 1544 res
2809 1523 2830 1559 ,
2870 1498 3022 1566 quae
3063 1490 3205 1544 ten-

279 1594 457 1651 tetur
495 1578 626 1651 hoc
668 1572 882 1648 seculo
932 1623 955 1661 ,
1005 1569 1187 1664 quod
1240 1565 1437 1640 nobis
1491 1585 1598 1638 tot
1654 1567 1910 1639 erudita
1973 1570 2185 1639 omnis
2240 1570 2491 1660 generis
2543 1572 2782 1643 Lexica
2848 1572 3205 1662 produxit:

276 1673 488 1748 seculo
513 1721 531 1755 ‚
585 1695 722 1769 quo
790 1671 1048 1744 nullum
1093 1666 1267 1740 aliud
1322 1667 1540 1737 minus
1572 1664 1917 1756 acquiescit
1977 1667 2044 1738 in
2090 1664 2372 1738 vocibus
2422 1694 2440 1737 ε
2493 1669 2672 1763 quod
2723 1694 2863 1763 prae
2903 1667 3214 1741 omnibus

272 1774 618 1868 praeteritis
669 1769 1036 1865 propendet
1090 1770 1160 1838 in
1213 1764 1455 1837 claram
1510 1766 1574 1844 ὃς
1630 1763 1999 1836 distinctam
2065 1788 2292 1837 rerum
2364 1764 2655 1860 ipsarum
2709 1769 3214 1862 perceptionem.

273 1873 403 1961 Ac,
462 1867 515 1942 si
567 1872 858 1944 Lexicon
912 1862 1273 1938 universale
1299 1914 1322 1949 ,
1373 1883 1604 1956 aptum
1666 1863 1747 1938 ad
1797 1865 1973 1936 hunc
2016 1859 2220 1935 finem
2243 1914 2267 1951 ‚
2321 1864 2639 1937 adornare
2697 1867 2889 1938 nimis
2934 1868 3227 1960 amplum

271 1966 355 2042 ab
402 1970 597 2042 initio
662 1969 780 2039 uni
836 1966 1092 2037 homini
1159 1959 1430 2056 pensum
1509 1960 1824 2042 videtur3
1875 1963 2237 2056 partiantur
2300 1961 2439 2035 Viri
2503 1962 2893 2059 perspicaces
2955 1966 3122 2039 inter
3164 1962 3227 2037 se

269 2092 512 2161 operas
541 2116 565 2152 ‚
615 2066 776 2137 alius
823 2065 994 2134 hanc
1016 2112 1040 2147 ,
1096 2062 1255 2133 alius
1307 2060 1499 2132 aliam
1552 2079 1764 2133 artem
1805 2061 1842 2131 ὲ
1907 2059 2157 2133 morbo
2188 2111 2210 2148 ‚
2263 2086 2463 2158 quem
2529 2083 2832 2136 curamus
2881 2058 2924 2151 ‚‘
2946 2088 3215 2159 perpur-

249 2164 572 2259 gandam
614 2159 740 2234 fibi
794 2178 1168 2256 proponat:
1234 2176 1392 2244 aut,
1443 2160 1626 2253 quod
1668 2183 1792 2251 ego
1856 2160 2122 2252 quidem
2176 2160 2398 2232 malim
2442 2211 2465 2246 ,
2520 2162 2863 2257 incipiatur
2925 2159 3011 2234 ab
3059 2162 3231 2235 Indi-

269 2260 458 2336 cibus
510 2257 1018 2355 particularibus
1034 2309 1057 2344 ‚
1122 2258 1191 2329 in
1250 2273 1457 2329 certos
1520 2260 1822 2330 auctores
1839 2307 1862 2344 ‚
1914 2283 2210 2352 quorum
2266 2257 2629 2332 locutiones
2669 2308 2693 2346 ‚
2757 2258 2895 2334 five
2916 2277 2919 2280 '
2937 2257 3051 2333 sua
3093 2257 3231 2332 five

269 2360 555 2434 aliorum
599 2359 838 2452 culpa,
897 2356 1118 2429 multis
1174 2356 1635 2449 Logomachiis
1692 2352 2100 2429 occasionem
2152 2357 2496 2431 dedertmt.
2545 2384 2600 2432 e.
2641 2385 2700 2454 g.
2870 2360 3229 2432 Sumantur

271 2483 466 2551 opera
529 2456 614 2530 R.
660 2455 934 2529 Car-tetii
956 2506 979 2541 ‚
1037 2475 1472 2547 excerpantur
1535 2478 1618 2527 ex
1667 2456 1742 2527 iis
1785 2480 2014 2528 omnes
2088 2457 2455 2530 locutiones
2497 2506 2522 2543 ,
2588 2455 2832 2552 quibus
2892 2482 3028 2528 non
3078 2455 3230 2528 satis

268 2556 608 2630 intellectis
674 2553 1023 2627 adversarii
1090 2548 1289 2645 ipfius
1353 2552 1631 2626 fuerunt
1683 2541 1964 2634 offenfi3
2028 2555 2411 2650 digerantur
2472 2552 2835 2628 secundum
2884 2555 3227 2628 literarum

274 2651 554 2734 seriem;
618 2677 847 2728 omnes
913 2651 1196 2725 fideliter
1250 2650 1335 2722 ad
1421 2673 1721 2725 mentem
1776 2654 2059 2725 auctoris
2087 2704 2108 2734 .
2169 2678 2247 2725 ac
2309 2651 2680 2746 perspicue,
2726 2673 2803 2724 ut
2829 2699 2851 2741 ‚
2900 2672 3227 2747 quantum

269 2748 419 2824 fieti
469 2750 718 2847 potest,
779 2752 998 2824 omnis
1059 2747 1465 2840 ambiguitas
1523 2768 1949 2821 removeatur
1974 2798 1998 2835 ‚
2049 2747 2469 2821 definiantur,
2551 2753 2618 2823 T
2619 2768 2878 2824 entetur
2938 2752 3111 2824 idem
3160 2754 3231 2824 in

269 2851 417 2921 aliis
462 2849 838 2925 auctoribus
881 2878 902 2922 ε
973 2872 1052 2920 ac
1105 2845 1305 2937 multi
1354 2845 1639 2939 denique
1682 2847 2073 2937 hujusmodi
2138 2850 2504 2923 Aud‘torum
2571 2850 2811 2923 indices
2835 2902 2858 2939 ‚
2914 2854 2981 2924 in
3019 2876 3232 2930 unum

267 2972 521 3046 corpus
561 2950 815 3024 collecti
850 2999 875 3037 ‚
931 2943 1410 3021 constituerent
1470 2949 1733 3020 Lexicon
1765 2942 1872 3021 hoc
1932 2945 2317 3037 universale,
2361 2947 2541 3044 quod
2580 2945 3035 3024 defideramus.

479 3146 781 3218 Alterum
829 3140 1187 3217 universale
1237 3141 1696 3237 Logomaehiis
1731 3143 2038 3218 tollendis
2090 3147 2463 3222 remedium
2502 3147 2627 3221 est:
2677 3156 2956 3244 purgatio
2997 3156 3234 3220 artium
3282 3194 3324 3250 R
3327 3211 3441 3254 eme
3445 3197 3542 3259 diu

252 3271 331 3321 ac
393 3243 865 3337 dzfiiplinnum
907 3246 947 3312 ιὶ
982 3241 1220 3315 vocibus
1259 3265 1334 3311 ac
1402 3241 1828 3315 Locutionibta
1855 3268 1971 3315 non
2020 3245 2191 3318 modo
2253 3247 2494 3317 nullam
2526 3295 2550 3332 ‚
2598 3265 2718 3318 aut
2760 3244 3070 3338 confuscim
3115 3261 3233 3315 aut
3282 3224 3599 3357 universa?

252 3353 567 3419 incertam
598 3340 1090 3440 fignfimionnn
1136 3336 1507 3426 habentibus,
1562 3364 1718 3432 quae
1777 3337 1930 3412 sunt
2001 3361 2317 3434 perpetua
2381 3365 2705 3414 caecarum
2756 3343 3055 3433 inprimis
3104 3343 3231 3414 Lo-
3279 3354 3326 3413 Ie
3360 3366 3433 3420 Π.

246 3441 770 3536 gomachiatum
817 3439 1122 3512 materia:
1153 3435 1272 3527 sed
1313 3434 1392 3506 ab
1417 3438 1487 3507 iis
1546 3436 1812 3509 omnibus
1839 3486 1864 3522 ‚
1918 3462 2054 3535 quae
2074 3488 2098 3523 ‚
2143 3461 2500 3536 quanquam
2539 3440 2814 3510 clariores
2841 3464 2958 3511 non
2996 3438 3188 3527 defint
3200 3489 3224 3526 ‚
3275 3441 3554 3518 Purgatio

249 3540 649 3633 obscuritate
699 3537 790 3624 ἓξ
827 3535 1226 3632 ambiguitate
1285 3532 1411 3627 sua
1474 3534 1934 3626 disputationes,
1976 3536 2134 3605 alias·
2192 3541 2261 3606 in
2298 3536 2559 3629 fumum
2627 3535 2908 3608 abituras
2929 3589 2953 3626 ,
3005 3541 3184 3613 alunt
3205 3565 3227 3607 .·
3274 3531 3481 3624 α’·’ῐξωῑ
3502 3526 3539 3586 ἃ

241 3637 632 3733 pracsertim
675 3660 868 3729 quae,
908 3635 1086 3706 nulla
1130 3651 1403 3728 urgente
1459 3627 1834 3705 necestitate
1876 3682 1903 3720 ‚
1957 3656 2114 3704 eum
2157 3652 2420 3707 tantum
2510 3635 2579 3707 in
2656 3632 2860 3708 finem
2933 3638 3223 3711 inventae
3252 3609 3611 3764 J⁰⁶¹f²¹³i⁰lh

243 3736 447 3824 sunt,
483 3755 569 3809 ut
618 3734 1137 3830 disputationum
1179 3729 1375 3805 effent
1416 3730 1745 3825 pabulum
1757 3758 1784 3813 i
1822 3753 1943 3804 aut
2005 3750 2084 3805 ut
2134 3734 2431 3806 homines
2484 3785 2509 3824 ‚
2577 3759 2871 3828 quorum
2913 3736 2984 3806 in
3049 3736 3218 3810 secu·
3272 3709 3603 3846 ⁶2:522?ss

243 3835 322 3907 lis
381 3831 694 3908 barbaris
751 3857 888 3906 non
947 3855 1184 3924 magna
1268 3829 1393 3902 fuit
1439 3831 1724 3903 eruditio
1754 3879 1778 3915 ,
1820 3827 2039 3902 verbis
2117 3830 2325 3905 facilia
2381 3829 2789 3908 obscurando
2853 3888 2876 3925 ‚
2935 3830 3222 3913 difficilia
3552 3837 3570 3847 ’

243 3927 660 4006 intellexiffe
711 3933 1111 4005 viderentur.
1201 3929 1354 4001 Hoc
1406 3928 1495 3999 est
1541 3930 1716 4000 idem
1766 3928 1925 4002 illud
1963 3933 2329 4003 remedium
2356 3981 2383 4019 ,
2442 3934 2625 4025 quod
2676 3932 3037 4029 praescribit
3081 3938 3216 4011 Ste-

242 4032 525 4125 phanus
584 4027 946 4104 Gauffenus
969 4080 992 4114 ,
1046 4028 1161 4121 qui
1187 4077 1209 4113 ‚
1249 4024 1595 4120 postquam
1635 4027 1804 4100 dixit
1827 4078 1851 4114 ,
1888 4028 2322 4124 quaestionem
2364 4054 2515 4105 num
2564 4032 2870 4130 Theologia
2909 4061 3011 4109 ars
3061 4036 3153 4126 sit
3185 4088 3209 4125 ,

245 4156 331 4200 an
371 4132 652 4219 scientia
706 4126 848 4215 &a
908 4126 1428 4219 Logomachiam
1474 4121 1593 4196 effe
1621 4150 1914 4212 meram,
1985 4129 2124 4214 Vie,
2174 4130 2388 4222 inquit
2411 4177 2428 4208 ‚
2458 4157 2597 4204 trem
2645 4133 2965 4223 experiri?
3010 4135 3215 4209 Dubi-

247 4224 445 4299 tabae
480 4226 653 4300 illud
699 4253 908 4300 nomen
923 4275 948 4313 ‚
996 4250 1098 4296 ars
1121 4269 1139 4296 ³
1181 4223 1442 4314 scientia
1464 4272 1489 4309 ‚
1516 4222 1821 4313 sapientia
1845 4274 1868 4310 ,
1902 4223 2337 4322 aliquantisper
2358 4227 2569 4319 sepone
2582 4279 2607 4315 ‚
2667 4228 2758 4315 ἐξ
2818 4257 3095 4330 quanam
3122 4231 3217 4322 fit

251 4324 597 4420 Theologiae
638 4346 868 4399 natura
923 4342 1103 4395 extra
1161 4322 1265 4393 boc
1314 4346 1525 4393 nomen
1545 4369 1572 4407 ,
1621 4320 1925 4394 hodiernos
1967 4325 2101 4413 {flos
2155 4326 2549 4417 disputatores
2600 4334 2896 4423 interroga
2912 4357 2933 4396 .·
2976 4355 3068 4402 eos
3110 4337 3209 4407 vi-

231 4420 429 4495 deba}
473 4421 557 4492 de
588 4433 674 4497 rei
702 4425 958 4515 summa
1003 4421 1179 4512 plane
1239 4426 1398 4491 inter
1425 4418 1493 4507 fi.-
1539 4419 1861 4509 consentire
1883 4469 1907 4506 ‚
1963 4438 2034 4490 at
2084 4428 2152 4497 in
2196 4424 2459 4520 vocibus„
2485 4442 2794 4513 occupatos
2818 4472 2841 4506 ‚
2893 4427 3062 4525 quod
3101 4424 3213 4515 fa-

232 4524 376 4621 tale
435 4526 531 4615 est
575 4522 746 4617 bajus
775 4522 994 4618 saculi
1028 4518 1262 4595 malum
1283 4568 1318 4607 -,
1362 4524 1565 4593 inanes
1593 4517 1768 4611 sbnos
1806 4516 2093 4611 fundere.
3015 4610 3090 4686 N
3135 4606 3156 4675 ι

3091 4634 3133 4678 ο
3157 4628 3203 4676 o
