4188 5670
2155 319 2229 422 ><
2312 347 2452 422 170
2530 324 2718 467 )(··

832 1300 836 1332 ἕ

832 1357 836 1370 1

831 1744 836 1783 ⁴¹

757 1982 763 1989 .
2285 1919 2364 2010 D
2457 1920 2532 2008 E
2697 1986 2702 1995 .
2889 1998 2897 2007 ,
3227 1922 3231 1927 ’

931 2119 1111 2302 T
1205 2366 1235 2375 ,,
1313 2360 1321 2369 ,
1401 2119 1708 2386 R
1840 2119 2044 2378 M
2159 2342 2162 2349 .
2276 2119 2688 2352 P
2758 2115 3524 2338 oR
3710 2066 3881 2294 R

823 2537 832 2543 ,
1257 2396 1429 2554 Α
1500 2395 1610 2557 S
1695 2395 1805 2651 S
1880 2396 2020 2557 E
2105 2393 2275 2554 R
2337 2398 2502 2558 T
2569 2395 2638 2556 Ι
2709 2394 3164 2561 ΟΝ
3217 2388 3619 2557 ES

601 2659 702 2842 ¹
1038 2837 1205 3064 Q
1334 2855 1490 3020 u
1641 2857 1846 3036 AE
1988 2854 2403 3017 ST
2485 2831 2618 3018 ‘1
2714 2853 2913 3016 O
3003 2852 3768 3115 NES-

2126 3222 2595 3305 UANQUAM
2653 3220 2875 3317 satius·
2906 3220 2990 3298 fit
3014 3275 3038 3312 ‚
3088 3225 3216 3299 hoc
3269 3210 3633 3318 praesertim
3676 3218 3870 3295 vitio-

2200 3345 2355 3397 rum
2401 3319 2612 3397 fei-ace
2661 3325 2731 3394 in
2770 3348 2926 3396 aevo
2948 3374 2972 3411 ,
3014 3343 3416 3417 temporum
3451 3318 3630 3415 figna
3657 3317 3874 3392 obser-

2197 3446 2356 3497 vare
2412 3425 2721 3497 attentius
2741 3472 2766 3510 ,
2814 3424 2881 3494 &
2924 3441 3236 3496 monente
3302 3419 3610 3513 Apostolo
3662 3416 3877 3504 3227:-

2201 3517 2506 3621 ξοίζεσθοίι
2544 3524 2643 3594 τὸν
2691 3526 2930 3612 καιρὸν,
3001 3522 3201 3614 ςιιὲιτι
3251 3520 3463 3592 multa
3503 3518 3584 3591 de
3621 3537 3875 3607 tempo-

2204 3645 2276 3692 re
2311 3614 2610 3694 subtilius
2658 3618 2913 3699 dicere3
2949 3619 3141 3711 hujus
3187 3637 3413 3691 tamen
3447 3610 3876 3695 consideratio

2204 3721 2566 3790 accuratior
2614 3739 2826 3807 neque
2869 3714 2991 3787 usu
3027 3738 3202 3790 caret
3228 3767 3252 3804 ‚
3309 3721 3374 3790 &
3428 3712 3736 3789 naturalis
3784 3707 3880 3781 sa-

2203 3816 2471 3909 pientiae
2510 3809 2807 3887 consulto
2861 3833 3051 3889 tanto
3095 3813 3301 3910 magis
3339 3813 3676 3888 neceffaria
3701 3808 3885 3884 vide-

2199 3929 2310 3982 tur
2334 3960 2358 3997 ‚
2412 3936 2549 4005 quo
2589 3912 2795 4005 magis
2838 3912 3149 3987 omnibus
3194 3915 3264 3986 in
3308 3940 3422 3988 ore
3463 3911 3554 3985 est
3624 3932 3887 4001 tempo-

2206 4008 2293 4078 ris
2342 4031 2483 4081 vox
2508 4058 2536 4096 ‚
2598 4013 2664 4082 &
2727 4011 2943 4083 minus
2993 4015 3061 4084 in
3114 4015 3337 4086 animo
3380 4010 3558 4085 sedet
3600 4008 3889 4104 genuina

2203 4104 2343 4196 ejus
2384 4106 2547 4180 idea.
2624 4107 2837 4181 Vetus
2887 4113 3128 4184 etenim
3143 4162 3167 4199 ‚
3215 4115 3280 4183 &
3321 4136 3475 4206 quae
3517 4112 3893 4183 etiamnum

2206 4203 2568 4278 identidem
2640 4209 3077 4301 ingeminatur
3125 4259 3150 4297 ‚
3211 4208 3302 4282 est
3369 4209 3630 4304 querela
3652 4256 3676 4293 ‚
3739 4202 3897 4276 satis

2213 4302 2480 4396 quidem
2532 4305 2641 4378 illa
2694 4307 2975 4401 ingenua
3004 4359 3027 4396 ‚
3078 4327 3150 4380 at
3197 4313 3325 4402 que
3378 4334 3516 4380 non
3573 4306 3696 4379 alia
3749 4326 3903 4375 ma-

966 4409 1063 4509 gis
1117 4400 1517 4500 Philosophis
1578 4399 1745 4497 pene
1789 4397 2111 4477 univerfis
2159 4399 2479 4475 ruborem
2526 4405 2846 4476 incuteret
2892 4432 2913 4475 ε
2968 4407 3044 4478 In
3089 4424 3389 4501 tempore
3434 4431 3557 4479 nos
3611 4404 3852 4478 vivere
3871 4450 3900 4486 ,

965 4512 1034 4582 δε
1082 4506 1240 4603 quid
1294 4500 1378 4577 fit
1434 4503 1729 4596 Tempus
1782 4502 2101 4596 ignorare.
2212 4500 2419 4589 Qod
2469 4501 2770 4591 equidem
2817 4504 2912 4573 rei
2985 4500 3438 4577 difficultatem
3495 4503 3713 4599 arguit
3753 4523 3909 4573 non

976 4609 1285 4713 exiguam
1307 4653 1334 4697 ,
1368 4625 1523 4701 quae
1547 4651 1573 4695 ‚
1620 4624 2003 4697 quanquam
2045 4599 2251 4673 alium
2298 4594 2594 4688 fortaffis,
2610 4594 2963 4675 absterrere
3008 4602 3189 4677 facile
3231 4600 3452 4698 possit,
3480 4604 3676 4679 nobis
3719 4597 3904 4672 certe

3597 4702 3915 4776 animum
