4188 5670
1304 251 2281 335 nssArdmlsi
3160 276 3303 370 157

408 448 661 546 negatio
706 442 1031 519 ulterioris
1073 438 1536 534 cogitationis3
1593 431 1783 522 libri,
1840 436 2102 533 negatio
2154 437 2476 511 ulterioris
2529 440 2710 514 vocis
2756 453 2883 518 'aut
2953 445 3160 519 literae
3217 445 3300 518 ad

402 548 642 621 librum
688 542 1081 640 pertinentis.

585 651 856 717 finitum
908 638 999 713 est
1025 687 1050 725 ‚
1097 635 1277 732 quod
1309 631 1514 710 finem
1546 635 1788 721 habet,
1835 632 1882 708 i.
1909 657 1964 703 e.
2026 633 2109 705 de
2156 658 2291 728 quo
2336 660 2435 707 res
2461 637 2728 714 ulterior
2770 690 2794 729 ‚
2832 667 2990 736 quae
3028 641 3136 717 vel
3212 641 3303 714 est

392 745 499 818 vel
551 739 671 816 effe
711 738 921 836 potest
949 789 975 826 ‚
1021 754 1296 829 negatur
1329 764 1354 817 ‚-
1390 733 1525 808 five
1561 733 1739 830 quod
1790 752 1927 801 non
1975 732 2469 824 comprehendit
2510 762 2777 812 ornnem
2833 765 2975 812 rem
3032 736 3297 831 poffibi-

393 843 540 914 lem.
625 842 730 913 Sic
771 843 1018 934 finitum
1066 831 1392 931 extensione
1432 834 1548 919 est,
1601 831 1782 920 quod
1823 851 1958 899 non
1987 841 2258 901 omnem
2295 831 2738 923 extensionem
2764 883 2791 922 ‚
2819 863 3089 923 numero,
3121 835 3299 931 quod

389 964 528 1011 non
559 959 827 1011 ornnem
867 935 1185 1005 unitatem
1215 952 1234 997 τ
1291 934 1644 1027 μ’·[εέῗίοηε
1670 984 1694 1019 ,
1752 924 1930 1022 quod
1962 952 2103 1000 non
2125 952 2394 1002 omnem
2424 931 2893 1026 perfectionem
2922 934 3298 1028 complecti-

390 1056 497 1109 tur
519 1086 548 1123 ,
601 1041 665 1110 8c
711 1031 797 1105 fic
838 1033 920 1105 de
946 1029 1213 1104 caeteris.
2569 1112 2577 1121 θ

583 1136 899 1225 Infinitum
923 1128 1048 1215 est,
1104 1127 1185 1198 de
1215 1152 1350 1219 quo
1386 1127 1543 1198 nihil
1568 1125 1788 1220 negati
1842 1125 2051 1219 potest
2086 1176 2112 1214 ‚
2151 1122 2286 1198 five
2314 1129 2495 1221 quod
2548 1123 2820 1204 ornnem
2840 1156 2979 1204 rem
3004 1160 3297 1230 compre·
3416 1166 3448 1213 ·.

386 1230 616 1308 hendit
649 1259 670 1310 3
725 1225 814 1300 fic
863 1232 1169 1320 infinitum
1191 1234 1457 1317 potentia
1507 1222 1600 1295 est
1673 1224 2088 1314 omnipotens
2111 1254 2137 1308 ,-
2175 1222 2433 1311 fiir-ntia
2451 1279 2476 1314 ,
2504 1227 2893 1302 omniscium
2921 1259 2948 1313 ,-
2994 1234 3293 1326 persi-&iffi

385 1357 504 1416 ne,
555 1325 604 1399 fi
646 1328 740 1399 ita
783 1319 962 1419 loqui
1018 1325 1167 1394 licet
1211 1374 1235 1410 ‚
1306 1319 1906 1416 omniperfeRunu
1961 1319 2338 1412 extensione,
2392 1326 2573 1417 quod
2622 1351 2893 1398 omnem
2927 1327 3299 1422 poflibilem

383 1423 832 1499 extensionem,
869 1452 895 1507 ‚-
954 1447 1200 1494 numero
1224 1471 1247 1507 ‚
1281 1420 1486 1513 ⁸quod
1532 1442 1761 1490 omnes
1807 1419 2089 1491 unitates
2129 1423 2580 1514 complectitur
2628 1453 2653 1505 3
2729 1430 2913 1498 Mens
2968 1430 3214 1523 irfinita'
3268 1477 3295 1516 ,

384 1548 544 1619 quae
597 1521 787 1595 fimul
830 1521 910 1593 de
957 1520 1144 1592 omni
1184 1517 1448 1610 objecto
1500 1519 1564 1589 &
1621 1515 1806 1586 omni
1846 1518 2048 1613 modo
2086 1513 2371 1610 poffibili
2432 1522 2692 1613 cogitat.
2805 1521 2935 1592 Ex.
2957 1534 3085 1617 'qua
3140 1523 3299 1598 defi.

381 1623 637 1694 uitione
683 1618 1087 1714 perspicuum
1130 1614 1222 1688 cst
1250 1667 1275 1702 ,
1323 1612 1589 1686 infinito
1620 1614 1688 1682 in
1743 1610 1859 1684 suo
1904 1638 2137 1706 genere
2174 1616 2330 1686 nihil
2382 1616 2555 1709 pofl'e
2604 1619 2752 1690 addi
2792 1644 2813 1685 .·
2851 1619 2894 1689 i.
2931 1646 2985 1692 e.
3035 1619 3296 1703 infinito,

380 1715 763 1804 extenfione
809 1719 1050 1789 nullam
1086 1709 1576 1810 extenfionen13
1625 1707 2018 1802 perfectione
2043 1762 2074 1799 ,·
2131 1711 2376 1784 nullam
2444 1713 2906 1810 perfectionem
2944 1768 2968 1805 ,
3029 1722 3147 1792 &c.
3190 1745 3301 1791 ne.

377 1842 542 1987 qu}
557 1817 756 1888 adimi
772 1864 796 1902 ‚
840 1819 999 1908 quin
1052 1807 1302 1885 desinat
1357 1808 1476 1882 effe
1524 1804 1860 1881 infinitum
1890 1836 1913 1889 3
1961 1812 2028 1880 &
2074 1830 2420 1903 propterea
2455 1814 2644 1907 plura
2688 1809 2940 1885 infinita
2988 1814 3106 1890 effe
3158 1842 3296 1891 non

375 1939 474 2011 po
526 1939 602 2008 e.>
3286 1924 3293 1929 '

401 2062 416 2078 ..
585 2013 865 2107 Definire
920 2029 1282 2081 numerum
1331 2004 1569 2101 (quod
1624 2010 1706 2083 de
1757 2029 2033 2080 numero
2086 2004 2323 2077 dicitur
2343 2055 2370 2094 ,
2421 2009 2502 2082 de
2569 2010 3012 2106 magnitudine
3053 2013 3119 2082 &
3158 2012 3295 2085 aliis

378 2133 661 2202 quoque
713 2107 980 2201 intelligi
1022 2106 1237 2195 volo)
1282 2105 1372 2176 est
1404 2106 1578 2177 ultra
1623 2129 1968 2181 numerum
1991 2157 2015 2193 ‚
2063 2112 2176 2202 qui
2216 2105 2253 2173 a
2289 2103 2479 2177 nobis
2530 2108 2784 2204 cognosti
2830 2108 3047 2203 potest
3068 2159 3095 2193 ,
3139 2110 3295 2201 plu-

375 2230 493 2279 res
537 2205 879 2297 concipere
927 2205 1208 2275 unitates
1228 2252 1250 2287 ,
1305 2200 1625 2295 fimulque
1679 2227 1911 2298 negare
1953 2254 1977 2288 ,
2031 2219 2135 2273 tot
2170 2201 2250 2271 ad
2292 2203 2520 2276 datum
2559 2229 2911 2278 numerum
2948 2206 3289 2301 pertinere.

591 2302 981 2396 Cognofhitur
1029 2302 1064 2369 ὰ
1122 2297 1312 2369 nobis
1360 2324 1667 2371 numerus
1685 2350 1709 2388 ‚
1759 2300 2021 2394 quando
2068 2300 2395 2371 tationem
2416 2302 2579 2395 ssejus
2607 2355 2633 2390 ‚
2686 2328 2887 2399 quam
2946 2302 3146 2376 habet
3208 2304 3293 2377 ad

369 2400 709 2473 unitatem
735 2442 755 2469 ‚
807 2400 1232 2469 determinare
1283 2392 1635 2488 poffumus.

575 2501 885 2569 Accurate
928 2496 1232 2591 definimus
1272 2518 1621 2566 numerum
1646 2543 1669 2581 ,
1707 2519 1860 2567 cum
1901 2495 2176 2569 dicimus
2193 2544 2217 2582 ,
2280 2512 2389 2568 tot
2465 2496 2652 2568 illum
2720 2493 2960 2569 habere
3004 2498 3291 2570 unitates

376 2597 441 2667 ἃ
505 2612 648 2667 non
698 2595 931 2689 plures.
1526 2674 1532 2681 .

551 2693 805 2790 ‘Aliquo
849 2690 1020 2764 modo
1073 2688 1377 2784 definimus
1407 2741 1432 2777 ‚
1484 2714 1639 2761 cum
1682 2689 1954 2761 dicimus
1979 2736 2002 2773 ,
2064 2696 2203 2760 non
2278 2706 2386 2760 tot
2424 2685 2664 2762 habete
2727 2689 3007 2763 unitates
3030 2739 3057 2778 ,
3125 2698 3303 2785 quot'

381 2812 449 2860 v.
493 2815 600 2884 gr..
649 2808 1452 2864 1000000000000000.
1509 2805 1627 2857 aut
1674 2785 1836 2856 alius
1887 2806 2106 2856 notus,
3073 2794 3076 2798 “
3296 2794 3303 2799 “

580 2893 887 2984 Drfim'tus
939 2886 1030 2958 est
1095 2909 1407 2955 numerus
1435 2934 1458 2971 ,
1499 2886 1652 2975 qui
1698 2882 1914 2976 aliquo
1967 2879 2203 2968 modo·
2246 2879 2501 2955 definiri
2555 2884 2784 2978 potest.
2907 2888 3061 2970 Hoc
3104 2886 3307 2962 sensu·

380 3009 698 3057 numerus
723 2983 1244 3080 'pulvisculorum
1288 2983 1359 3053 in
1401 2982 1617 3053 littore
1640 3031 1665 3068 ‚
1699 2999 2035 3075 guttarum
2059 2980 2127 3050 in
2155 2981 2318 3055 mari
2336 2979 2639 3055 definitus
2687 2984 2822 3057 est:
2865 2985 3077 3079 potest
3109 2988 3286 3057 enim

383 3084 877 3176 multiplicando
917 3082 997 3153 ad
1050 3097 1312 3152 tantum
1360 3078 1637 3172 denique
1679 3077 2026 3149 numerum
2061 3081 2382 3170 perveniri
2418 3108 2439 3160 3
2499 3103 2574 3153 ut
2646 3102 2824 3156 certo
2866 3084 2991 3155 dici
3036 3101 3233 3173 queat
3256 3130 3283 3164 ‚

387 3197 506 3292 tot
555 3180 934 3273 pulvisculus
979 3179 1158 3251 littus
1205 3227 1234 3266 ‚
1311 3194 1415 3247 tot
1467 3196 1684 3271 guttas
1732 3199 1911 3249 mare
1954 3199 2096 3247 non
2154 3179 2487 3249 continere
2515 3226 2540 3263 ‚
2591 3197 2759 3271 quot
2819 3179 2929 3249 hic
2973 3197 3287 3250 numerus

381 3293 692 3350 unitates.

453 3467 458 3471 ὁ
587 3376 928 3470 Indefinitus
958 3369 1367 3446 nummu-est
1397 3420 1419 3457 ,
1465 3370 1579 3462 qui
1613 3369 1795 3440 nullo
1836 3368 2040 3440 modo
2083 3364 2623 3459 definiti'potest:
2692 3369 2786 3444 ita
2829 3389 2908 3441 ut
2942 3391 3081 3444 nun
3127 3393 3313 3444 uam·

378 3491 616 3562 tantus
661 3469 857 3567 poffit
890 3494 1201 3543 numerus
1243 3468 1546 3558 concipi,
1604 3468 1762 3557 quin
1787 3467 1891 3536 hic
1936 3465 2150 3557 plures
2175 3464 2681 3556 comprehendat
2704 3469 3004 3540 unitates.
3156 3469 3285 3541 nde

373 3571 685 3666 sequitur
709 3592 1128 3657 ‚·numerum
1171 3568 1346 3637 hunc
1399 3559 1811 3635 indefinitum
1850 3562 2086 3655 quovis
2134 3582 2412 3632 numero
2444 3602 2469 3647 ‚
2531 3561 2649 3654 'qui
2707 3564 2972 3659 quidem
3011 3566 3051 3636 a
3090 3564 3284 3638 nobis

376 3666 694 3766 cognosci
744 3664 944 3762 poffit
965 3717 991 3753 ,
1040 3663 1161 3738 effi:
1209 3664 1575 3755 majorem:
1622 3676 1820 3752 atque
1872 3658 2109 3731 idcirco
2156 3682 2611 3752 quemcunque
2664 3685 3020 3735 numerum
3065 3664 3317 3759 cogni-1·

372 3786 533 3839 tum
562 3818 588 3855 ‚
641 3763 1174 3862 quantuscunque
1192 3758 1274 3832 sit
1297 3812 1319 3846 ,
1366 3786 1503 3833 non
1538 3759 1733 3831 aliam
1782 3757 1864 3828 ad
1913 3781 2062 3829 eum
2115 3757 2436 3829 rationem
2482 3755 2745 3847 habete,
2776 3773 3000 3854 'quam
3056 3759 3315 3835 indefi-‘

371 3869 648 3944 nitam3
693 3863 830 3936 five
871 3863 1062 3933 unius
1103 3859 1187 3931 ad
1205 3856 1637 3946 ,indefinitum
1667 3906 1691 3942 ‚
1740 3879 1942 3947 quam
1976 3854 2222 3926 nullam
2267 3856 2583 3949 appellate
2624 3856 2953 3950 pofl'umus
2975 3908 3001 3947 ‚
3045 3875 3282 3953 ’quate-

373 3989 508 4035 nus
555 3963 739 4035 nullo
787 3984 1063 4036 numero
1107 3954 1298 4028 nobis
1361 3956 1623 4049 cognito
1670 3951 1922 4025 definiri
1960 3951 2171 4047 potest
2189 3981 2216 4035 ,·
2262 3977 2339 4024 ac
2368 3954 2542 4026 nulla
2576 3954 2668 4027 est
2699 3980 2965 4045 earum,
2998 3982 3150 4052 quae
3192 3956 3282 4031 ab

371 4060 772 4134 hominibus
817 4059 1101 4130 rationes
1152 4054 1458 4125 dicuntur
1508 4076 1525 4119 ε
1589 4050 1777 4142 plane
1816 4071 1894 4122 ut
1932 4051 2037 4122 hic
2073 4074 2383 4122 numerus
2417 4052 2675 4124 alterius
2717 4054 3051 4147 cujusdam
3088 4080 3281 4149 gene-

372 4164 464 4229 ris
530 4155 619 4228 fit
642 4206 667 4244 ,
710 4178 910 4250 quam
966 4157 1011 4227 ii
1037 4205 1060 4239 ‚
1084 4203 1090 4208 -
1113 4175 1279 4244 quos
1311 4175 1431 4222 nos
1474 4170 1778 4219 numeros
1832 4148 2266 4240 appellamus,
2315 4149 2427 4242 qui
2474 4175 2700 4222 omnes
2744 4176 2897 4226 curn
2945 4156 3072 4225 hoc
3102 4178 3317 4226 com··

368 4256 637 4349 parati,
679 4276 906 4326 revera
957 4251 1148 4325 instar
1179 4249 1406 4342 puniti
1455 4245 1624 4316 sunt·
1698 4244 1771 4315 N
1774 4268 1863 4314 on
1913 4265 2134 4314 tamen
2177 4269 2261 4317 ex
2310 4243 2631 4318 indefiniti
2674 4250 2931 4321 numeri
2961 4246 3325 4322 definitio-²

373 4377 462 4425 ne
504 4350 800 4445 sequitur
825 4401 849 4438 ‚
898 4350 1179 4421 eundem
1235 4368 1498 4439 quoque
1545 4336 1882 4413 infinitum
1909 4338 2028 4411 effe
2054 4369 2080 4423 ‚-
2134 4362 2213 4414 ut
2242 4362 2393 4415 ante
2432 4340 2769 4416 infinitum
2812 4341 3277 4438 descripfimus.

369 4450 668 4523 Nullam
704 4451 884 4521 enim
932 4447 1154 4520 videre
1204 4439 1457 4535 poffum
1506 4437 1914 4513 necessariam
1966 4438 2160 4529 hujus
2201 4438 2678 4535 consequentiae
2725 4442 2866 4512 vim
2916 4467 2936 4511 ε
2990 4440 3119 4512 Hic
3162 4447 3331 4520 nu-'

371 4571 614 4622 merus
659 4547 874 4638 plures
915 4539 1402 4635 comprehendit
1448 4540 1728 4609 unitates
1751 4584 1779 4623 ,
1832 4558 2034 4628 quam
2051 4533 2342 4630 ‘quilibet
2394 4559 2705 4607 numerus
2742 4585 2769 4624 ,
2824 4536 2939 4625 qui
2991 4538 3031 4602 a
3097 4532 3325 4602 nobis·

596 4649 692 4716 W
685 4640 973 4739 erenfhlfii
1028 4637 1322 4732 opali-ula
1363 4637 1560 4710 Tom.
1597 4633 1709 4716 ΙΙ.
2385 4633 2463 4707 Χ
2985 4623 3308 4737 Δι’,οςιιοίὶιῖ
