<?xml version="1.0" encoding="UTF-8"?>
<!DOCTYPE html PUBLIC "-//W3C//DTD XHTML 1.0 Transitional//EN"
    "http://www.w3.org/TR/xhtml1/DTD/xhtml1-transitional.dtd">
<html xmlns="http://www.w3.org/1999/xhtml" xml:lang="en" lang="en">
 <head>
  <title>
</title>
<meta http-equiv="Content-Type" content="text/html;charset=utf-8" />
  <meta name='ocr-system' content='tesseract 3.04.00' />
  <meta name='ocr-capabilities' content='ocr_page ocr_carea ocr_par ocr_line ocrx_word'/>
</head>
<body>
  <div class='ocr_page' id='page_1' title='image "./opusculatheolog00weregoog/opusculatheolog00weregoog_0203.png"; bbox 0 0 4188 5670; ppageno 0'>
   <div class='ocr_carea' id='block_1_1' title="bbox 1322 325 3220 431">
    <p class='ocr_par' dir='ltr' id='par_1_1' title="bbox 1322 325 3220 431">
     <span class='ocr_line' id='line_1_1' title="bbox 1322 325 3220 431; baseline 0.007 -31"><span class='ocrx_word' id='word_1_1' title='bbox 1322 325 2274 407; x_wconf 68' lang='lat' dir='ltr'><strong>neATours.</strong></span> <span class='ocrx_word' id='word_1_2' title='bbox 3087 343 3220 431; x_wconf 68' lang='grc' dir='ltr'><strong>πός</strong></span> 
     </span>
    </p>
   </div>
   <div class='ocr_carea' id='block_1_2' title="bbox 291 501 3260 4839">
    <p class='ocr_par' dir='ltr' id='par_1_2' title="bbox 299 501 3243 805">
     <span class='ocr_line' id='line_1_2' title="bbox 299 501 3243 611; baseline -0 -26"><span class='ocrx_word' id='word_1_3' title='bbox 299 514 454 611; x_wconf 81' lang='lat' dir='ltr'><strong>gius</strong></span> <span class='ocrx_word' id='word_1_4' title='bbox 525 560 550 598; x_wconf 89' lang='lat'>‚</span> <span class='ocrx_word' id='word_1_5' title='bbox 639 501 795 582; x_wconf 73' lang='lat' dir='ltr'><strong>alibi</strong></span> <span class='ocrx_word' id='word_1_6' title='bbox 838 501 1110 583; x_wconf 82' lang='lat' dir='ltr'><strong>brevius</strong></span> <span class='ocrx_word' id='word_1_7' title='bbox 1161 503 1264 580; x_wconf 87' lang='lat' dir='ltr'><strong>fit.</strong></span> <span class='ocrx_word' id='word_1_8' title='bbox 1338 509 1543 583; x_wconf 65' lang='lat' dir='ltr'><strong>Recte</strong></span> <span class='ocrx_word' id='word_1_9' title='bbox 1592 506 1792 602; x_wconf 85' lang='lat' dir='ltr'><strong>igitur</strong></span> <span class='ocrx_word' id='word_1_10' title='bbox 1839 530 2071 601; x_wconf 79' lang='lat' dir='ltr'><strong>quaero</strong></span> <span class='ocrx_word' id='word_1_11' title='bbox 2094 557 2119 594; x_wconf 87' lang='lat'><strong><em>,</em></strong></span> <span class='ocrx_word' id='word_1_12' title='bbox 2160 530 2245 580; x_wconf 88' lang='lat' dir='ltr'><strong>an</strong></span> <span class='ocrx_word' id='word_1_13' title='bbox 2270 555 2295 592; x_wconf 90' lang='lat'><strong><em>,</em></strong></span> <span class='ocrx_word' id='word_1_14' title='bbox 2354 531 2508 581; x_wconf 90' lang='lat' dir='ltr'><strong>cum</strong></span> <span class='ocrx_word' id='word_1_15' title='bbox 2559 506 3037 603; x_wconf 78' lang='lat' dir='ltr'><strong>longitudinem</strong></span> <span class='ocrx_word' id='word_1_16' title='bbox 3104 523 3243 591; x_wconf 57' lang='grc' dir='ltr'><strong>σοις</strong></span> 
     </span>
     <span class='ocr_line' id='line_1_3' title="bbox 307 603 3242 707; baseline 0.001 -25"><span class='ocrx_word' id='word_1_17' title='bbox 307 613 493 707; x_wconf 85' lang='lat' dir='ltr'><strong>poris</strong></span> <span class='ocrx_word' id='word_1_18' title='bbox 528 603 888 683; x_wconf 74' lang='lat' dir='ltr'><strong>confideres</strong></span> <span class='ocrx_word' id='word_1_19' title='bbox 920 656 946 693; x_wconf 85' lang='lat'>‚</span> <span class='ocrx_word' id='word_1_20' title='bbox 1006 606 1482 701; x_wconf 81' lang='lat' dir='ltr'>longitudinem</span> <span class='ocrx_word' id='word_1_21' title='bbox 1518 609 1711 679; x_wconf 88' lang='lat' dir='ltr'><strong>unius</strong></span> <span class='ocrx_word' id='word_1_22' title='bbox 1762 624 2022 679; x_wconf 83' lang='lat' dir='ltr'><strong>tantum</strong></span> <span class='ocrx_word' id='word_1_23' title='bbox 2091 607 2164 678; x_wconf 88' lang='lat' dir='ltr'><strong>in</strong></span> <span class='ocrx_word' id='word_1_24' title='bbox 2221 629 2496 702; x_wconf 69' lang='lat' dir='ltr'><strong>corpore</strong></span> <span class='ocrx_word' id='word_1_25' title='bbox 2543 605 2734 681; x_wconf 76' lang='lat' dir='ltr'><strong>lineae</strong></span> <span class='ocrx_word' id='word_1_26' title='bbox 2781 665 2808 703; x_wconf 81' lang='lat'>‚</span> <span class='ocrx_word' id='word_1_27' title='bbox 2899 637 2984 684; x_wconf 86' lang='lat' dir='ltr'><strong>an</strong></span> <span class='ocrx_word' id='word_1_28' title='bbox 3038 618 3242 692; x_wconf 83' lang='lat' dir='ltr'><strong>totius</strong></span> 
     </span>
     <span class='ocr_line' id='line_1_4' title="bbox 306 701 3044 805; baseline 0 -23"><span class='ocrx_word' id='word_1_29' title='bbox 306 710 607 805; x_wconf 80' lang='lat' dir='ltr'><strong>corporis</strong></span> <span class='ocrx_word' id='word_1_30' title='bbox 637 759 659 793; x_wconf 88' lang='lat'>‚</span> <span class='ocrx_word' id='word_1_31' title='bbox 706 706 773 778; x_wconf 89' lang='lat' dir='ltr'><strong>id</strong></span> <span class='ocrx_word' id='word_1_32' title='bbox 805 703 937 794; x_wconf 80' lang='lat' dir='ltr'><strong>est,</strong></span> <span class='ocrx_word' id='word_1_33' title='bbox 973 703 1461 781; x_wconf 85' lang='lat' dir='ltr'><strong>indefinitarum</strong></span> <span class='ocrx_word' id='word_1_34' title='bbox 1501 701 1696 789; x_wconf 81' lang='lat' dir='ltr'><strong>fimul</strong></span> <span class='ocrx_word' id='word_1_35' title='bbox 1731 707 2047 779; x_wconf 88' lang='lat' dir='ltr'><strong>linearum</strong></span> <span class='ocrx_word' id='word_1_36' title='bbox 2084 704 2561 798; x_wconf 80' lang='lat' dir='ltr'><strong>longitudinem</strong></span> <span class='ocrx_word' id='word_1_37' title='bbox 2584 754 2608 791; x_wconf 86' lang='lat'><strong><em>,</em></strong></span> <span class='ocrx_word' id='word_1_38' title='bbox 2663 710 3044 787; x_wconf 82' lang='lat' dir='ltr'><strong>consideres.</strong></span> 
     </span>
    </p>

    <p class='ocr_par' dir='ltr' id='par_1_3' title="bbox 291 799 3247 2673">
     <span class='ocr_line' id='line_1_5' title="bbox 511 799 3246 908; baseline -0.002 -29"><span class='ocrx_word' id='word_1_39' title='bbox 511 808 647 880; x_wconf 77' lang='lat' dir='ltr'><strong>Sed</strong></span> <span class='ocrx_word' id='word_1_40' title='bbox 674 856 697 890; x_wconf 88' lang='lat'>‚</span> <span class='ocrx_word' id='word_1_41' title='bbox 737 824 818 877; x_wconf 89' lang='lat' dir='ltr'><strong>ut</strong></span> <span class='ocrx_word' id='word_1_42' title='bbox 856 800 1116 891; x_wconf 81' lang='lat' dir='ltr'><strong>videas,</strong></span> <span class='ocrx_word' id='word_1_43' title='bbox 1171 830 1372 898; x_wconf 88' lang='lat' dir='ltr'><strong>quam</strong></span> <span class='ocrx_word' id='word_1_44' title='bbox 1419 801 1501 877; x_wconf 87' lang='lat' dir='ltr'><strong>fit</strong></span> <span class='ocrx_word' id='word_1_45' title='bbox 1549 805 1691 878; x_wconf 87' lang='lat' dir='ltr'><strong>haec</strong></span> <span class='ocrx_word' id='word_1_46' title='bbox 1754 803 2141 898; x_wconf 88' lang='lat' dir='ltr'><strong>distinguere</strong></span> <span class='ocrx_word' id='word_1_47' title='bbox 2210 799 2625 876; x_wconf 72' lang='lat' dir='ltr'><strong>necefl‘arium</strong></span> <span class='ocrx_word' id='word_1_48' title='bbox 2665 855 2687 891; x_wconf 87' lang='lat'>,</span> <span class='ocrx_word' id='word_1_49' title='bbox 2744 835 2897 884; x_wconf 78' lang='lat' dir='ltr'><strong>cum</strong></span> <span class='ocrx_word' id='word_1_50' title='bbox 2955 813 3246 908; x_wconf 72' lang='lat' dir='ltr'><strong>concipis</strong></span> 
     </span>
     <span class='ocr_line' id='line_1_6' title="bbox 304 896 3246 1002; baseline -0.001 -24"><span class='ocrx_word' id='word_1_51' title='bbox 304 905 798 1002; x_wconf 82' lang='lat' dir='ltr'><strong>longitudinem</strong></span> <span class='ocrx_word' id='word_1_52' title='bbox 857 902 1041 990; x_wconf 88' lang='lat' dir='ltr'><strong>coni,</strong></span> <span class='ocrx_word' id='word_1_53' title='bbox 1087 927 1215 996; x_wconf 87' lang='lat' dir='ltr'><strong>qua</strong></span> <span class='ocrx_word' id='word_1_54' title='bbox 1260 904 1511 976; x_wconf 87' lang='lat' dir='ltr'><strong>ratione</strong></span> <span class='ocrx_word' id='word_1_55' title='bbox 1551 903 1739 976; x_wconf 83' lang='lat' dir='ltr'><strong>illam</strong></span> <span class='ocrx_word' id='word_1_56' title='bbox 1788 902 2161 977; x_wconf 71' lang='lat' dir='ltr'><strong>menfirrare</strong></span> <span class='ocrx_word' id='word_1_57' title='bbox 2213 896 2441 973; x_wconf 80' lang='lat' dir='ltr'><strong>soles?</strong></span> <span class='ocrx_word' id='word_1_58' title='bbox 2513 903 2641 975; x_wconf 84' lang='lat' dir='ltr'><strong>Fac</strong></span> <span class='ocrx_word' id='word_1_59' title='bbox 2679 955 2704 990; x_wconf 87' lang='lat'>,</span> <span class='ocrx_word' id='word_1_60' title='bbox 2774 931 3017 984; x_wconf 84' lang='lat' dir='ltr'><strong>conum</strong></span> <span class='ocrx_word' id='word_1_61' title='bbox 3063 911 3246 983; x_wconf 65' lang='lat' dir='ltr'><strong>conl:</strong></span> 
     </span>
     <span class='ocr_line' id='line_1_7' title="bbox 304 997 3247 1102; baseline 0 -23"><span class='ocrx_word' id='word_1_62' title='bbox 304 1023 458 1079; x_wconf 81' lang='lat' dir='ltr'><strong>tare</strong></span> <span class='ocrx_word' id='word_1_63' title='bbox 509 997 858 1077; x_wconf 88' lang='lat' dir='ltr'><strong>indefinitis</strong></span> <span class='ocrx_word' id='word_1_64' title='bbox 907 1001 1087 1073; x_wconf 87' lang='lat' dir='ltr'><strong>lineis</strong></span> <span class='ocrx_word' id='word_1_65' title='bbox 1147 1004 1255 1075; x_wconf 84' lang='lat' dir='ltr'><strong>axi</strong></span> <span class='ocrx_word' id='word_1_66' title='bbox 1299 1000 1629 1096; x_wconf 79' lang='lat' dir='ltr'><strong>parallelis,</strong></span> <span class='ocrx_word' id='word_1_67' title='bbox 1771 1003 1948 1077; x_wconf 87' lang='lat' dir='ltr'><strong>Cum</strong></span> <span class='ocrx_word' id='word_1_68' title='bbox 2001 1004 2154 1075; x_wconf 88' lang='lat' dir='ltr'><strong>coni</strong></span> <span class='ocrx_word' id='word_1_69' title='bbox 2190 1000 2883 1096; x_wconf 66' lang='lat' dir='ltr'><strong>redti‘longitudinem&#39;</strong></span> <span class='ocrx_word' id='word_1_70' title='bbox 2924 1010 3247 1102; x_wconf 80' lang='lat' dir='ltr'><strong>concipis,</strong></span> 
     </span>
     <span class='ocr_line' id='line_1_8' title="bbox 309 1098 3242 1198; baseline 0.001 -22"><span class='ocrx_word' id='word_1_71' title='bbox 309 1104 510 1196; x_wconf 85' lang='lat' dir='ltr'><strong>cujus</strong></span> <span class='ocrx_word' id='word_1_72' title='bbox 561 1126 645 1173; x_wconf 82' lang='lat' dir='ltr'><strong>ex</strong></span> <span class='ocrx_word' id='word_1_73' title='bbox 695 1101 791 1172; x_wconf 86' lang='lat' dir='ltr'><strong>his</strong></span> <span class='ocrx_word' id='word_1_74' title='bbox 835 1100 1016 1171; x_wconf 88' lang='lat' dir='ltr'><strong>lineis</strong></span> <span class='ocrx_word' id='word_1_75' title='bbox 1062 1101 1540 1195; x_wconf 86' lang='lat' dir='ltr'><strong>longitudinem</strong></span> <span class='ocrx_word' id='word_1_76' title='bbox 1595 1101 1877 1194; x_wconf 86' lang='lat' dir='ltr'><strong>concipis</strong></span> <span class='ocrx_word' id='word_1_77' title='bbox 1907 1103 1952 1172; x_wconf 83' lang='lat'><em>?</em></span> <span class='ocrx_word' id='word_1_78' title='bbox 2018 1102 2226 1188; x_wconf 86' lang='lat' dir='ltr'><strong>Axis,</strong></span> <span class='ocrx_word' id='word_1_79' title='bbox 2271 1098 2478 1178; x_wconf 89' lang='lat' dir='ltr'><strong>dicis3</strong></span> <span class='ocrx_word' id='word_1_80' title='bbox 2536 1099 2644 1172; x_wconf 92' lang='lat' dir='ltr'><strong>sed</strong></span> <span class='ocrx_word' id='word_1_81' title='bbox 2691 1108 2872 1179; x_wconf 88' lang='lat' dir='ltr'><strong>nulla</strong></span> <span class='ocrx_word' id='word_1_82' title='bbox 2918 1124 3242 1198; x_wconf 80' lang='lat' dir='ltr'><strong>practerea</strong></span> 
     </span>
     <span class='ocr_line' id='line_1_9' title="bbox 300 1188 3242 1301; baseline 0.002 -29"><span class='ocrx_word' id='word_1_83' title='bbox 300 1202 489 1275; x_wconf 85' lang='lat' dir='ltr'><strong>linea</strong></span> <span class='ocrx_word' id='word_1_84' title='bbox 535 1208 618 1272; x_wconf 84' lang='lat' dir='ltr'><strong>e&#39;x</strong></span> <span class='ocrx_word' id='word_1_85' title='bbox 654 1199 903 1271; x_wconf 83' lang='lat' dir='ltr'><strong>caeteris</strong></span> <span class='ocrx_word' id='word_1_86' title='bbox 951 1188 1318 1286; x_wconf 72' lang='lat' dir='ltr'><strong>omnibus3&#39;</strong></span> <span class='ocrx_word' id='word_1_87' title='bbox 1364 1197 1947 1293; x_wconf 85' lang='lat' dir='ltr'><strong>huiclongitudine</strong></span> <span class='ocrx_word' id='word_1_88' title='bbox 1971 1224 2087 1292; x_wconf 90' lang='lat' dir='ltr'><strong>par</strong></span> <span class='ocrx_word' id='word_1_89' title='bbox 2114 1197 2220 1270; x_wconf 85' lang='lat' dir='ltr'><strong>est.</strong></span> <span class='ocrx_word' id='word_1_90' title='bbox 2323 1197 2526 1269; x_wconf 86' lang='lat' dir='ltr'><strong>Vides</strong></span> <span class='ocrx_word' id='word_1_91' title='bbox 2556 1199 2755 1292; x_wconf 88' lang='lat' dir='ltr'><strong>igitur</strong></span> <span class='ocrx_word' id='word_1_92' title='bbox 2804 1206 3012 1291; x_wconf 87' lang='lat' dir='ltr'><strong>hanc,</strong></span> <span class='ocrx_word' id='word_1_93' title='bbox 3041 1229 3242 1301; x_wconf 87' lang='lat' dir='ltr'><strong>quam</strong></span> 
     </span>
     <span class='ocr_line' id='line_1_10' title="bbox 299 1295 3242 1392; baseline 0.001 -20"><span class='ocrx_word' id='word_1_94' title='bbox 299 1302 473 1372; x_wconf 88' lang='lat' dir='ltr'><strong>dicis</strong></span> <span class='ocrx_word' id='word_1_95' title='bbox 520 1300 669 1371; x_wconf 91' lang='lat' dir='ltr'><strong>coni</strong></span> <span class='ocrx_word' id='word_1_96' title='bbox 717 1296 1193 1391; x_wconf 87' lang='lat' dir='ltr'><strong>longitudinem</strong></span> <span class='ocrx_word' id='word_1_97' title='bbox 1235 1295 1355 1369; x_wconf 81' lang='lat' dir='ltr'><strong>effe</strong></span> <span class='ocrx_word' id='word_1_98' title='bbox 1388 1348 1410 1383; x_wconf 90' lang='lat'>,</span> <span class='ocrx_word' id='word_1_99' title='bbox 1455 1323 1592 1368; x_wconf 92' lang='lat' dir='ltr'><strong>non</strong></span> <span class='ocrx_word' id='word_1_100' title='bbox 1634 1300 1782 1370; x_wconf 89' lang='lat' dir='ltr'><strong>coni</strong></span> <span class='ocrx_word' id='word_1_101' title='bbox 1835 1296 1953 1369; x_wconf 75' lang='lat' dir='ltr'><strong>efle</strong></span> <span class='ocrx_word' id='word_1_102' title='bbox 1983 1349 2007 1385; x_wconf 85' lang='lat'><em>‚</em></span> <span class='ocrx_word' id='word_1_103' title='bbox 2051 1323 2193 1370; x_wconf 90' lang='lat' dir='ltr'><strong>non</strong></span> <span class='ocrx_word' id='word_1_104' title='bbox 2236 1297 2439 1368; x_wconf 89' lang='lat' dir='ltr'><strong>totius</strong></span> <span class='ocrx_word' id='word_1_105' title='bbox 2486 1302 2774 1392; x_wconf 89' lang='lat' dir='ltr'><strong>corporis</strong></span> <span class='ocrx_word' id='word_1_106' title='bbox 2798 1352 2823 1389; x_wconf 91' lang='lat'><strong><em>,</em></strong></span> <span class='ocrx_word' id='word_1_107' title='bbox 2888 1302 2997 1376; x_wconf 91' lang='lat' dir='ltr'><strong>sed</strong></span> <span class='ocrx_word' id='word_1_108' title='bbox 3050 1307 3242 1375; x_wconf 89' lang='lat' dir='ltr'><strong>unius</strong></span> 
     </span>
     <span class='ocr_line' id='line_1_11' title="bbox 298 1392 3244 1491; baseline 0.001 -21"><span class='ocrx_word' id='word_1_109' title='bbox 298 1420 579 1477; x_wconf 83' lang='lat' dir='ltr'><strong>tantum</strong></span> <span class='ocrx_word' id='word_1_110' title='bbox 623 1398 815 1468; x_wconf 83' lang='lat' dir='ltr'><strong>lineae</strong></span> <span class='ocrx_word' id='word_1_111' title='bbox 847 1446 871 1482; x_wconf 90' lang='lat'><em>,</em></span> <span class='ocrx_word' id='word_1_112' title='bbox 931 1398 998 1467; x_wconf 88' lang='lat'>&amp;</span> <span class='ocrx_word' id='word_1_113' title='bbox 1038 1396 1316 1488; x_wconf 84' lang='lat' dir='ltr'><strong>quidem</strong></span> <span class='ocrx_word' id='word_1_114' title='bbox 1374 1392 1763 1490; x_wconf 80' lang='lat' dir='ltr'><strong>longissimae</strong></span> <span class='ocrx_word' id='word_1_115' title='bbox 1794 1445 1819 1483; x_wconf 88' lang='lat'>,</span> <span class='ocrx_word' id='word_1_116' title='bbox 1872 1421 2025 1489; x_wconf 85' lang='lat' dir='ltr'><strong>quae</strong></span> <span class='ocrx_word' id='word_1_117' title='bbox 2073 1396 2141 1468; x_wconf 91' lang='lat' dir='ltr'><strong>in</strong></span> <span class='ocrx_word' id='word_1_118' title='bbox 2204 1406 2393 1467; x_wconf 77' lang='lat' dir='ltr'><strong>cono‘</strong></span> <span class='ocrx_word' id='word_1_119' title='bbox 2430 1393 2536 1467; x_wconf 90' lang='lat' dir='ltr'><strong>est.</strong></span> <span class='ocrx_word' id='word_1_120' title='bbox 2670 1400 2795 1472; x_wconf 88' lang='lat' dir='ltr'><strong>Sed</strong></span> <span class='ocrx_word' id='word_1_121' title='bbox 2826 1402 2894 1472; x_wconf 90' lang='lat' dir='ltr'><strong>in</strong></span> <span class='ocrx_word' id='word_1_122' title='bbox 2948 1401 3244 1491; x_wconf 80' lang='lat' dir='ltr'><strong>cylindro</strong></span> 
     </span>
     <span class='ocr_line' id='line_1_12' title="bbox 303 1490 3244 1589; baseline 0.001 -19"><span class='ocrx_word' id='word_1_123' title='bbox 303 1499 444 1570; x_wconf 84' lang='lat' dir='ltr'><strong>alia</strong></span> <span class='ocrx_word' id='word_1_124' title='bbox 492 1495 584 1569; x_wconf 91' lang='lat' dir='ltr'><strong>est</strong></span> <span class='ocrx_word' id='word_1_125' title='bbox 612 1495 826 1568; x_wconf 80' lang='lat' dir='ltr'><strong>ratio:</strong></span> <span class='ocrx_word' id='word_1_126' title='bbox 863 1494 1063 1587; x_wconf 42' lang='lat' dir='ltr'><strong>‚quod</strong></span> <span class='ocrx_word' id='word_1_127' title='bbox 1111 1491 1161 1564; x_wconf 87' lang='lat' dir='ltr'><strong>fi</strong></span> <span class='ocrx_word' id='word_1_128' title='bbox 1223 1496 1400 1567; x_wconf 86' lang='lat' dir='ltr'><strong>enim</strong></span> <span class='ocrx_word' id='word_1_129' title='bbox 1444 1490 1623 1567; x_wconf 85' lang='lat' dir='ltr'><strong>bases</strong></span> <span class='ocrx_word' id='word_1_130' title='bbox 1677 1493 1827 1567; x_wconf 86' lang='lat' dir='ltr'><strong>sunt</strong></span> <span class='ocrx_word' id='word_1_131' title='bbox 1898 1494 2221 1589; x_wconf 68' lang='lat' dir='ltr'><strong>parallelae</strong></span> <span class='ocrx_word' id='word_1_132' title='bbox 2246 1543 2270 1579; x_wconf 86' lang='lat'>‚</span> <span class='ocrx_word' id='word_1_133' title='bbox 2345 1517 2573 1567; x_wconf 85' lang='lat' dir='ltr'><strong>omnes</strong></span> <span class='ocrx_word' id='word_1_134' title='bbox 2626 1495 2818 1572; x_wconf 78' lang='lat' dir='ltr'><strong>lineae</strong></span> <span class='ocrx_word' id='word_1_135' title='bbox 2875 1502 3075 1575; x_wconf 69' lang='lat' dir='ltr'><strong>rectae</strong></span> <span class='ocrx_word' id='word_1_136' title='bbox 3133 1502 3244 1573; x_wconf 79' lang='lat' dir='ltr'><strong>axi</strong></span> 
     </span>
     <span class='ocr_line' id='line_1_13' title="bbox 296 1588 3243 1690; baseline 0.001 -22"><span class='ocrx_word' id='word_1_137' title='bbox 296 1595 688 1690; x_wconf 65' lang='lat' dir='ltr'><strong>parallelae,</strong></span> <span class='ocrx_word' id='word_1_138' title='bbox 747 1590 834 1665; x_wconf 88' lang='lat' dir='ltr'><strong>ab</strong></span> <span class='ocrx_word' id='word_1_139' title='bbox 877 1616 1010 1664; x_wconf 81' lang='lat' dir='ltr'><strong>una</strong></span> <span class='ocrx_word' id='word_1_140' title='bbox 1042 1588 1181 1665; x_wconf 86' lang='lat' dir='ltr'><strong>bafi</strong></span> <span class='ocrx_word' id='word_1_141' title='bbox 1239 1594 1322 1666; x_wconf 90' lang='lat' dir='ltr'><strong>ad</strong></span> <span class='ocrx_word' id='word_1_142' title='bbox 1381 1595 1653 1668; x_wconf 86' lang='lat' dir='ltr'><strong>alteram</strong></span> <span class='ocrx_word' id='word_1_143' title='bbox 1715 1594 1936 1665; x_wconf 70' lang='lat' dir='ltr'><strong>dustae</strong></span> <span class='ocrx_word' id='word_1_144' title='bbox 1979 1643 2003 1680; x_wconf 90' lang='lat'>,</span> <span class='ocrx_word' id='word_1_145' title='bbox 2070 1592 2358 1685; x_wconf 89' lang='lat' dir='ltr'><strong>ejusdem</strong></span> <span class='ocrx_word' id='word_1_146' title='bbox 2417 1588 2567 1664; x_wconf 89' lang='lat' dir='ltr'><strong>sunt</strong></span> <span class='ocrx_word' id='word_1_147' title='bbox 2621 1595 3043 1690; x_wconf 87' lang='lat' dir='ltr'><strong>longitudinis</strong></span> <span class='ocrx_word' id='word_1_148' title='bbox 3082 1648 3107 1685; x_wconf 91' lang='lat'><strong><em>,</em></strong></span> <span class='ocrx_word' id='word_1_149' title='bbox 3166 1622 3243 1672; x_wconf 90' lang='lat' dir='ltr'><strong>ac</strong></span> 
     </span>
     <span class='ocr_line' id='line_1_14' title="bbox 294 1691 3244 1790; baseline 0.001 -25"><span class='ocrx_word' id='word_1_150' title='bbox 294 1715 664 1790; x_wconf 85' lang='lat' dir='ltr'><strong>propterea</strong></span> <span class='ocrx_word' id='word_1_151' title='bbox 723 1691 1068 1785; x_wconf 77' lang='lat' dir='ltr'><strong>longitudo</strong></span> <span class='ocrx_word' id='word_1_152' title='bbox 1123 1694 1260 1764; x_wconf 85' lang='lat' dir='ltr'><strong>axis</strong></span> <span class='ocrx_word' id='word_1_153' title='bbox 1306 1693 1650 1788; x_wconf 88' lang='lat' dir='ltr'><strong>longitudo</strong></span> <span class='ocrx_word' id='word_1_154' title='bbox 1685 1693 1891 1764; x_wconf 90' lang='lat' dir='ltr'><strong>totius</strong></span> <span class='ocrx_word' id='word_1_155' title='bbox 1930 1694 2221 1785; x_wconf 89' lang='lat' dir='ltr'><strong>corporis</strong></span> <span class='ocrx_word' id='word_1_156' title='bbox 2251 1739 2274 1775; x_wconf 88' lang='lat'>‚</span> <span class='ocrx_word' id='word_1_157' title='bbox 2319 1714 2554 1783; x_wconf 89' lang='lat' dir='ltr'><strong>nempe</strong></span> <span class='ocrx_word' id='word_1_158' title='bbox 2598 1694 2919 1784; x_wconf 86' lang='lat' dir='ltr'><strong>cylindri,</strong></span> <span class='ocrx_word' id='word_1_159' title='bbox 2961 1696 3089 1768; x_wconf 90' lang='lat' dir='ltr'><strong>dici</strong></span> <span class='ocrx_word' id='word_1_160' title='bbox 3126 1721 3244 1788; x_wconf 89' lang='lat' dir='ltr'><strong>po-</strong></span> 
     </span>
     <span class='ocr_line' id='line_1_15' title="bbox 297 1787 3244 1884; baseline 0.001 -18"><span class='ocrx_word' id='word_1_161' title='bbox 297 1792 455 1866; x_wconf 88' lang='lat' dir='ltr'><strong>test.</strong></span> <span class='ocrx_word' id='word_1_162' title='bbox 572 1791 1010 1865; x_wconf 84' lang='lat' dir='ltr'><strong>Vehementer</strong></span> <span class='ocrx_word' id='word_1_163' title='bbox 1062 1792 1259 1884; x_wconf 89' lang='lat' dir='ltr'><strong>igitur</strong></span> <span class='ocrx_word' id='word_1_164' title='bbox 1301 1790 1391 1863; x_wconf 86' lang='lat' dir='ltr'><strong>est</strong></span> <span class='ocrx_word' id='word_1_165' title='bbox 1431 1788 1849 1875; x_wconf 73' lang='lat' dir='ltr'><strong>neceffiarium</strong></span> <span class='ocrx_word' id='word_1_166' title='bbox 1890 1839 1914 1876; x_wconf 86' lang='lat'><strong><em>,</em></strong></span> <span class='ocrx_word' id='word_1_167' title='bbox 1984 1814 2141 1863; x_wconf 89' lang='lat' dir='ltr'><strong>cum</strong></span> <span class='ocrx_word' id='word_1_168' title='bbox 2186 1791 2268 1860; x_wconf 92' lang='lat' dir='ltr'><strong>de</strong></span> <span class='ocrx_word' id='word_1_169' title='bbox 2315 1787 2724 1880; x_wconf 90' lang='lat' dir='ltr'><strong>longitudine</strong></span> <span class='ocrx_word' id='word_1_170' title='bbox 2777 1794 3052 1884; x_wconf 85' lang='lat' dir='ltr'><strong>alicujus</strong></span> <span class='ocrx_word' id='word_1_171' title='bbox 3102 1819 3244 1868; x_wconf 86' lang='lat' dir='ltr'><strong>cor-</strong></span> 
     </span>
     <span class='ocr_line' id='line_1_16' title="bbox 295 1885 3233 1986; baseline -0.003 -22"><span class='ocrx_word' id='word_1_172' title='bbox 295 1893 493 1986; x_wconf 85' lang='lat' dir='ltr'><strong>poris</strong></span> <span class='ocrx_word' id='word_1_173' title='bbox 517 1890 731 1984; x_wconf 85' lang='lat' dir='ltr'><strong>agitur</strong></span> <span class='ocrx_word' id='word_1_174' title='bbox 753 1940 777 1976; x_wconf 89' lang='lat'>‚</span> <span class='ocrx_word' id='word_1_175' title='bbox 809 1913 1104 1982; x_wconf 84' lang='lat' dir='ltr'><strong>quaerere</strong></span> <span class='ocrx_word' id='word_1_176' title='bbox 1133 1940 1156 1975; x_wconf 87' lang='lat'>‚</span> <span class='ocrx_word' id='word_1_177' title='bbox 1178 1914 1261 1961; x_wconf 87' lang='lat' dir='ltr'><strong>an</strong></span> <span class='ocrx_word' id='word_1_178' title='bbox 1292 1915 1402 1982; x_wconf 90' lang='lat' dir='ltr'><strong>per</strong></span> <span class='ocrx_word' id='word_1_179' title='bbox 1425 1890 1908 1986; x_wconf 87' lang='lat' dir='ltr'><strong>longitudinem</strong></span> <span class='ocrx_word' id='word_1_180' title='bbox 1945 1888 2088 1980; x_wconf 88' lang='lat' dir='ltr'><strong>ejus</strong></span> <span class='ocrx_word' id='word_1_181' title='bbox 2113 1885 2512 1979; x_wconf 88' lang='lat' dir='ltr'><strong>intelligatur</strong></span> <span class='ocrx_word' id='word_1_182' title='bbox 2539 1892 2743 1960; x_wconf 90' lang='lat' dir='ltr'><strong>totius</strong></span> <span class='ocrx_word' id='word_1_183' title='bbox 2774 1893 3064 1985; x_wconf 82' lang='lat' dir='ltr'><strong>corporis</strong></span> <span class='ocrx_word' id='word_1_184' title='bbox 3095 1894 3233 1964; x_wconf 85' lang='lat' dir='ltr'><strong>lon.</strong></span> 
     </span>
     <span class='ocr_line' id='line_1_17' title="bbox 291 1984 3245 2085; baseline 0 -22"><span class='ocrx_word' id='word_1_185' title='bbox 291 1990 593 2084; x_wconf 60' lang='lat' dir='ltr'><strong>gitudo,</strong></span> <span class='ocrx_word' id='word_1_186' title='bbox 636 2013 721 2059; x_wconf 88' lang='lat' dir='ltr'><strong>an</strong></span> <span class='ocrx_word' id='word_1_187' title='bbox 742 1989 936 2057; x_wconf 90' lang='lat' dir='ltr'><strong>unius</strong></span> <span class='ocrx_word' id='word_1_188' title='bbox 969 2004 1232 2058; x_wconf 78' lang='lat' dir='ltr'><strong>tantum</strong></span> <span class='ocrx_word' id='word_1_189' title='bbox 1260 1987 1473 2076; x_wconf 78' lang='lat' dir='ltr'><strong>lineae,</strong></span> <span class='ocrx_word' id='word_1_190' title='bbox 1508 2014 1662 2082; x_wconf 85' lang='lat' dir='ltr'><strong>quae</strong></span> <span class='ocrx_word' id='word_1_191' title='bbox 1708 1990 1779 2059; x_wconf 89' lang='lat' dir='ltr'><strong>in</strong></span> <span class='ocrx_word' id='word_1_192' title='bbox 1808 2004 2082 2080; x_wconf 82' lang='lat' dir='ltr'><strong>cor‘pore</strong></span> <span class='ocrx_word' id='word_1_193' title='bbox 2134 1984 2243 2058; x_wconf 85' lang='lat' dir='ltr'><strong>est.</strong></span> <span class='ocrx_word' id='word_1_194' title='bbox 2333 1984 2647 2057; x_wconf 88' lang='lat' dir='ltr'><strong>Videmus</strong></span> <span class='ocrx_word' id='word_1_195' title='bbox 2674 1990 2844 2061; x_wconf 89' lang='lat' dir='ltr'><strong>enim</strong></span> <span class='ocrx_word' id='word_1_196' title='bbox 2881 1988 3245 2085; x_wconf 83' lang='lat' dir='ltr'><strong>quamlibet</strong></span> 
     </span>
     <span class='ocr_line' id='line_1_18' title="bbox 293 2081 3228 2184; baseline 0 -23"><span class='ocrx_word' id='word_1_197' title='bbox 293 2092 378 2161; x_wconf 88' lang='lat' dir='ltr'><strong>in</strong></span> <span class='ocrx_word' id='word_1_198' title='bbox 443 2109 723 2178; x_wconf 83' lang='lat' dir='ltr'><strong>corpore</strong></span> <span class='ocrx_word' id='word_1_199' title='bbox 761 2085 997 2157; x_wconf 83' lang='lat' dir='ltr'><strong>lineam</strong></span> <span class='ocrx_word' id='word_1_200' title='bbox 1025 2086 1409 2178; x_wconf 83' lang='lat' dir='ltr'><strong>peculiarem</strong></span> <span class='ocrx_word' id='word_1_201' title='bbox 1444 2084 1627 2159; x_wconf 88' lang='lat' dir='ltr'><strong>suam</strong></span> <span class='ocrx_word' id='word_1_202' title='bbox 1648 2086 2125 2180; x_wconf 89' lang='lat' dir='ltr'><strong>longitudinem</strong></span> <span class='ocrx_word' id='word_1_203' title='bbox 2147 2081 2433 2164; x_wconf 87' lang='lat' dir='ltr'><strong>habere3</strong></span> <span class='ocrx_word' id='word_1_204' title='bbox 2486 2102 2564 2157; x_wconf 90' lang='lat' dir='ltr'><strong>ut</strong></span> <span class='ocrx_word' id='word_1_205' title='bbox 2612 2087 2716 2157; x_wconf 83' lang='lat' dir='ltr'><strong>vel</strong></span> <span class='ocrx_word' id='word_1_206' title='bbox 2760 2088 2908 2164; x_wconf 83' lang='lat' dir='ltr'><strong>inde</strong></span> <span class='ocrx_word' id='word_1_207' title='bbox 2963 2113 3228 2184; x_wconf 86' lang='lat' dir='ltr'><strong>quoque</strong></span> 
     </span>
     <span class='ocr_line' id='line_1_19' title="bbox 296 2182 3241 2279; baseline 0 -19"><span class='ocrx_word' id='word_1_208' title='bbox 296 2182 792 2278; x_wconf 86' lang='lat' dir='ltr'><strong>cognoscatur,</strong></span> <span class='ocrx_word' id='word_1_209' title='bbox 850 2182 1212 2276; x_wconf 85' lang='lat' dir='ltr'><strong>quamlibet</strong></span> <span class='ocrx_word' id='word_1_210' title='bbox 1254 2184 1492 2257; x_wconf 85' lang='lat' dir='ltr'><strong>lineam</strong></span> <span class='ocrx_word' id='word_1_211' title='bbox 1539 2186 1610 2257; x_wconf 89' lang='lat' dir='ltr'><strong>in</strong></span> <span class='ocrx_word' id='word_1_212' title='bbox 1665 2209 1938 2279; x_wconf 86' lang='lat' dir='ltr'><strong>corpore</strong></span> <span class='ocrx_word' id='word_1_213' title='bbox 1958 2236 1984 2272; x_wconf 89' lang='lat'><em>,</em></span> <span class='ocrx_word' id='word_1_214' title='bbox 2045 2207 2186 2261; x_wconf 90' lang='lat' dir='ltr'><strong>rem</strong></span> <span class='ocrx_word' id='word_1_215' title='bbox 2241 2199 2356 2256; x_wconf 89' lang='lat' dir='ltr'><strong>aut</strong></span> <span class='ocrx_word' id='word_1_216' title='bbox 2406 2207 2627 2259; x_wconf 87' lang='lat' dir='ltr'><strong>rerum</strong></span> <span class='ocrx_word' id='word_1_217' title='bbox 2685 2184 2911 2263; x_wconf 87' lang='lat' dir='ltr'><strong>seriem</strong></span> <span class='ocrx_word' id='word_1_218' title='bbox 2967 2185 3086 2260; x_wconf 83' lang='lat' dir='ltr'><strong>effe</strong></span> <span class='ocrx_word' id='word_1_219' title='bbox 3152 2187 3241 2261; x_wconf 84' lang='lat' dir='ltr'><strong>ab</strong></span> 
     </span>
     <span class='ocr_line' id='line_1_20' title="bbox 295 2279 3243 2381; baseline -0.001 -25"><span class='ocrx_word' id='word_1_220' title='bbox 295 2284 457 2356; x_wconf 85' lang='lat' dir='ltr'><strong>aliis</strong></span> <span class='ocrx_word' id='word_1_221' title='bbox 500 2279 910 2373; x_wconf 54' lang='lat' dir='ltr'><strong>distinctam„</strong></span> <span class='ocrx_word' id='word_1_222' title='bbox 977 2284 1146 2355; x_wconf 86' lang='lat' dir='ltr'><strong>Sane</strong></span> <span class='ocrx_word' id='word_1_223' title='bbox 1191 2283 1374 2374; x_wconf 90' lang='lat' dir='ltr'><strong>quod</strong></span> <span class='ocrx_word' id='word_1_224' title='bbox 1415 2283 1661 2357; x_wconf 87' lang='lat' dir='ltr'><strong>nullam</strong></span> <span class='ocrx_word' id='word_1_225' title='bbox 1714 2285 1906 2356; x_wconf 82' lang='lat' dir='ltr'><strong>aliam</strong></span> <span class='ocrx_word' id='word_1_226' title='bbox 1959 2284 2199 2358; x_wconf 80' lang='lat' dir='ltr'><strong>lineam</strong></span> <span class='ocrx_word' id='word_1_227' title='bbox 2250 2281 2624 2376; x_wconf 87' lang='lat' dir='ltr'><strong>parallelam</strong></span> <span class='ocrx_word' id='word_1_228' title='bbox 2677 2284 3083 2381; x_wconf 90' lang='lat' dir='ltr'><strong>longitudine</strong></span> <span class='ocrx_word' id='word_1_229' title='bbox 3128 2311 3243 2381; x_wconf 88' lang='lat' dir='ltr'><strong>pa..</strong></span> 
     </span>
     <span class='ocr_line' id='line_1_21' title="bbox 295 2378 3238 2478; baseline 0.001 -24"><span class='ocrx_word' id='word_1_230' title='bbox 295 2405 452 2455; x_wconf 86' lang='lat' dir='ltr'><strong>rem</strong></span> <span class='ocrx_word' id='word_1_231' title='bbox 497 2380 570 2450; x_wconf 90' lang='lat' dir='ltr'><strong>in</strong></span> <span class='ocrx_word' id='word_1_232' title='bbox 617 2398 764 2451; x_wconf 91' lang='lat' dir='ltr'><strong>toto</strong></span> <span class='ocrx_word' id='word_1_233' title='bbox 818 2404 1091 2475; x_wconf 88' lang='lat' dir='ltr'><strong>corpore</strong></span> <span class='ocrx_word' id='word_1_234' title='bbox 1138 2378 1337 2451; x_wconf 84' lang='lat' dir='ltr'><strong>habet</strong></span> <span class='ocrx_word' id='word_1_235' title='bbox 1372 2426 1404 2466; x_wconf 78' lang='lat'><em>,</em></span> <span class='ocrx_word' id='word_1_236' title='bbox 1434 2380 1500 2451; x_wconf 85' lang='lat' dir='ltr'><strong>id</strong></span> <span class='ocrx_word' id='word_1_237' title='bbox 1558 2381 1740 2474; x_wconf 90' lang='lat' dir='ltr'><strong>quod</strong></span> <span class='ocrx_word' id='word_1_238' title='bbox 1792 2382 1875 2456; x_wconf 91' lang='lat' dir='ltr'><strong>de</strong></span> <span class='ocrx_word' id='word_1_239' title='bbox 1909 2383 2017 2452; x_wconf 83' lang='lat' dir='ltr'><strong>axi</strong></span> <span class='ocrx_word' id='word_1_240' title='bbox 2065 2382 2215 2454; x_wconf 87' lang='lat' dir='ltr'><strong>coni</strong></span> <span class='ocrx_word' id='word_1_241' title='bbox 2248 2379 2376 2452; x_wconf 91' lang='lat' dir='ltr'><strong>dici</strong></span> <span class='ocrx_word' id='word_1_242' title='bbox 2423 2381 2626 2473; x_wconf 86' lang='lat' dir='ltr'><strong>debet</strong></span> <span class='ocrx_word' id='word_1_243' title='bbox 2660 2434 2683 2469; x_wconf 90' lang='lat'>,</span> <span class='ocrx_word' id='word_1_244' title='bbox 2738 2410 2876 2456; x_wconf 90' lang='lat' dir='ltr'><strong>non</strong></span> <span class='ocrx_word' id='word_1_245' title='bbox 2942 2385 3157 2478; x_wconf 89' lang='lat' dir='ltr'><strong>potest</strong></span> <span class='ocrx_word' id='word_1_246' title='bbox 3210 2435 3238 2471; x_wconf 85' lang='lat'><strong>,</strong></span> 
     </span>
     <span class='ocr_line' id='line_1_22' title="bbox 299 2473 3238 2574; baseline 0.001 -23"><span class='ocrx_word' id='word_1_247' title='bbox 299 2481 470 2574; x_wconf 80' lang='lat' dir='ltr'><strong>quin</strong></span> <span class='ocrx_word' id='word_1_248' title='bbox 520 2473 605 2549; x_wconf 85' lang='lat' dir='ltr'><strong>fit</strong></span> <span class='ocrx_word' id='word_1_249' title='bbox 645 2503 746 2548; x_wconf 89' lang='lat' dir='ltr'><strong>res</strong></span> <span class='ocrx_word' id='word_1_250' title='bbox 769 2528 796 2565; x_wconf 85' lang='lat'>,</span> <span class='ocrx_word' id='word_1_251' title='bbox 836 2499 952 2551; x_wconf 86' lang='lat' dir='ltr'><strong>aut</strong></span> <span class='ocrx_word' id='word_1_252' title='bbox 993 2496 1070 2550; x_wconf 90' lang='lat' dir='ltr'><strong>ut</strong></span> <span class='ocrx_word' id='word_1_253' title='bbox 1096 2478 1375 2572; x_wconf 84' lang='lat' dir='ltr'><strong>apertius</strong></span> <span class='ocrx_word' id='word_1_254' title='bbox 1398 2477 1625 2573; x_wconf 90' lang='lat' dir='ltr'><strong>loquar</strong></span> <span class='ocrx_word' id='word_1_255' title='bbox 1645 2529 1671 2568; x_wconf 90' lang='lat'>‚</span> <span class='ocrx_word' id='word_1_256' title='bbox 1711 2485 2115 2574; x_wconf 71' lang='lat' dir='ltr'><strong>punc&#39;torum</strong></span> <span class='ocrx_word' id='word_1_257' title='bbox 2136 2478 2272 2554; x_wconf 80' lang='lat' dir='ltr'><strong>five</strong></span> <span class='ocrx_word' id='word_1_258' title='bbox 2290 2498 2676 2554; x_wconf 86' lang='lat' dir='ltr'><strong>atomorum</strong></span> <span class='ocrx_word' id='word_1_259' title='bbox 2704 2479 2891 2555; x_wconf 87' lang='lat' dir='ltr'><strong>series</strong></span> <span class='ocrx_word' id='word_1_260' title='bbox 2915 2532 2940 2569; x_wconf 86' lang='lat'><em>‚</em></span> <span class='ocrx_word' id='word_1_261' title='bbox 2982 2480 3071 2555; x_wconf 89' lang='lat' dir='ltr'><strong>ab</strong></span> <span class='ocrx_word' id='word_1_262' title='bbox 3099 2482 3238 2555; x_wconf 86' lang='lat' dir='ltr'><strong>aliis</strong></span> 
     </span>
     <span class='ocr_line' id='line_1_23' title="bbox 305 2573 933 2673; baseline 0.002 -22"><span class='ocrx_word' id='word_1_263' title='bbox 305 2573 579 2673; x_wconf 83' lang='lat' dir='ltr'><strong>prorsus</strong></span> <span class='ocrx_word' id='word_1_264' title='bbox 623 2575 933 2651; x_wconf 65' lang='lat' dir='ltr'><strong>distincta.</strong></span> 
     </span>
    </p>

    <p class='ocr_par' dir='ltr' id='par_1_4' title="bbox 305 2674 3244 3655">
     <span class='ocr_line' id='line_1_24' title="bbox 502 2674 3242 2771; baseline 0.002 -24"><span class='ocrx_word' id='word_1_265' title='bbox 502 2675 578 2747; x_wconf 89' lang='lat' dir='ltr'><strong>X</strong></span> <span class='ocrx_word' id='word_1_266' title='bbox 601 2674 675 2746; x_wconf 92' lang='lat' dir='ltr'><strong>X</strong></span> <span class='ocrx_word' id='word_1_267' title='bbox 699 2674 785 2746; x_wconf 89' lang='lat' dir='ltr'><strong>V.</strong></span> <span class='ocrx_word' id='word_1_268' title='bbox 850 2679 1015 2750; x_wconf 86' lang='lat' dir='ltr'><strong>Satis</strong></span> <span class='ocrx_word' id='word_1_269' title='bbox 1045 2726 1071 2763; x_wconf 91' lang='lat'>‚</span> <span class='ocrx_word' id='word_1_270' title='bbox 1118 2699 1199 2749; x_wconf 89' lang='lat' dir='ltr'><strong>ut</strong></span> <span class='ocrx_word' id='word_1_271' title='bbox 1252 2676 1414 2748; x_wconf 87' lang='lat' dir='ltr'><strong>mihi</strong></span> <span class='ocrx_word' id='word_1_272' title='bbox 1473 2676 1741 2771; x_wconf 89' lang='lat' dir='ltr'><strong>quidem</strong></span> <span class='ocrx_word' id='word_1_273' title='bbox 1811 2678 2071 2751; x_wconf 83' lang='lat' dir='ltr'><strong>videtur</strong></span> <span class='ocrx_word' id='word_1_274' title='bbox 2114 2727 2141 2764; x_wconf 88' lang='lat'>‚</span> <span class='ocrx_word' id='word_1_275' title='bbox 2190 2674 2743 2754; x_wconf 83' lang='lat' dir='ltr'><strong>&#39;demonstratum</strong></span> <span class='ocrx_word' id='word_1_276' title='bbox 2792 2679 2831 2749; x_wconf 70' lang='lat' dir='ltr'><strong>a</strong></span> <span class='ocrx_word' id='word_1_277' title='bbox 2867 2676 3064 2751; x_wconf 86' lang='lat' dir='ltr'><strong>nobis</strong></span> <span class='ocrx_word' id='word_1_278' title='bbox 3099 2677 3190 2752; x_wconf 90' lang='lat' dir='ltr'><strong>est</strong></span> <span class='ocrx_word' id='word_1_279' title='bbox 3207 2680 3242 2767; x_wconf 85' lang='lat'><strong>,&#39;</strong></span> 
     </span>
     <span class='ocr_line' id='line_1_25' title="bbox 312 2771 3241 2870; baseline 0.002 -23"><span class='ocrx_word' id='word_1_280' title='bbox 312 2774 454 2847; x_wconf 86' lang='lat' dir='ltr'><strong>dati</strong></span> <span class='ocrx_word' id='word_1_281' title='bbox 489 2792 799 2848; x_wconf 61' lang='lat' dir='ltr'><strong>atomos}</strong></span> <span class='ocrx_word' id='word_1_282' title='bbox 861 2778 927 2849; x_wconf 69' lang='grc' dir='ltr'>ἃ</span> <span class='ocrx_word' id='word_1_283' title='bbox 951 2826 974 2863; x_wconf 87' lang='grc'><em>,</em></span> <span class='ocrx_word' id='word_1_284' title='bbox 1022 2771 1074 2845; x_wconf 84' lang='lat' dir='ltr'><strong>fi</strong></span> <span class='ocrx_word' id='word_1_285' title='bbox 1116 2776 1259 2869; x_wconf 88' lang='lat' dir='ltr'><strong>quis</strong></span> <span class='ocrx_word' id='word_1_286' title='bbox 1312 2775 1501 2867; x_wconf 86' lang='lat' dir='ltr'><strong>plura</strong></span> <span class='ocrx_word' id='word_1_287' title='bbox 1541 2777 1783 2868; x_wconf 86' lang='lat' dir='ltr'><strong>quaerit</strong></span> <span class='ocrx_word' id='word_1_288' title='bbox 1819 2795 2209 2870; x_wconf 87' lang='lat' dir='ltr'><strong>argumenta</strong></span> <span class='ocrx_word' id='word_1_289' title='bbox 2236 2827 2259 2864; x_wconf 90' lang='lat'>,</span> <span class='ocrx_word' id='word_1_290' title='bbox 2307 2801 2420 2849; x_wconf 88' lang='lat' dir='ltr'><strong>eos</strong></span> <span class='ocrx_word' id='word_1_291' title='bbox 2445 2826 2469 2863; x_wconf 87' lang='lat'><strong><em>,</em></strong></span> <span class='ocrx_word' id='word_1_292' title='bbox 2513 2775 2711 2848; x_wconf 85' lang='lat' dir='ltr'><strong>credo</strong></span> <span class='ocrx_word' id='word_1_293' title='bbox 2755 2826 2779 2864; x_wconf 86' lang='lat'>‚</span> <span class='ocrx_word' id='word_1_294' title='bbox 2819 2775 3034 2850; x_wconf 89' lang='lat' dir='ltr'><strong>fontes</strong></span> <span class='ocrx_word' id='word_1_295' title='bbox 3077 2778 3241 2852; x_wconf 84' lang='lat' dir='ltr'><strong>indi-</strong></span> 
     </span>
     <span class='ocr_line' id='line_1_26' title="bbox 315 2871 3231 2967; baseline 0.002 -23"><span class='ocrx_word' id='word_1_296' title='bbox 315 2874 607 2945; x_wconf 84' lang='lat' dir='ltr'><strong>cavimus</strong></span> <span class='ocrx_word' id='word_1_297' title='bbox 635 2923 660 2960; x_wconf 91' lang='lat'><strong><em>,</em></strong></span> <span class='ocrx_word' id='word_1_298' title='bbox 711 2898 794 2946; x_wconf 83' lang='lat' dir='ltr'><strong>ex</strong></span> <span class='ocrx_word' id='word_1_299' title='bbox 840 2871 1082 2967; x_wconf 86' lang='lat' dir='ltr'><strong>quibus</strong></span> <span class='ocrx_word' id='word_1_300' title='bbox 1116 2874 1323 2944; x_wconf 87' lang='lat' dir='ltr'><strong>multa</strong></span> <span class='ocrx_word' id='word_1_301' title='bbox 1367 2872 1489 2943; x_wconf 84' lang='lat' dir='ltr'><strong>alia</strong></span> <span class='ocrx_word' id='word_1_302' title='bbox 1519 2874 1655 2965; x_wconf 90' lang='lat' dir='ltr'><strong>peti</strong></span> <span class='ocrx_word' id='word_1_303' title='bbox 1693 2871 1972 2967; x_wconf 85' lang='lat' dir='ltr'><strong>poffunt.</strong></span> <span class='ocrx_word' id='word_1_304' title='bbox 2051 2873 2238 2946; x_wconf 74' lang='lat' dir='ltr'><strong>Nihil</strong></span> <span class='ocrx_word' id='word_1_305' title='bbox 2287 2874 2462 2946; x_wconf 86' lang='lat' dir='ltr'><strong>aliud</strong></span> <span class='ocrx_word' id='word_1_306' title='bbox 2511 2897 2692 2946; x_wconf 90' lang='lat' dir='ltr'><strong>nunc</strong></span> <span class='ocrx_word' id='word_1_307' title='bbox 2753 2878 2790 2946; x_wconf 72' lang='lat' dir='ltr'><strong>a</strong></span> <span class='ocrx_word' id='word_1_308' title='bbox 2847 2876 3042 2950; x_wconf 89' lang='lat' dir='ltr'><strong>nobis</strong></span> <span class='ocrx_word' id='word_1_309' title='bbox 3117 2902 3231 2949; x_wconf 86' lang='lat' dir='ltr'><strong>ex-</strong></span> 
     </span>
     <span class='ocr_line' id='line_1_27' title="bbox 307 2968 3239 3067; baseline 0.002 -24"><span class='ocrx_word' id='word_1_310' title='bbox 307 2975 606 3066; x_wconf 64' lang='lat' dir='ltr'><strong>pediatur</strong></span> <span class='ocrx_word' id='word_1_311' title='bbox 633 3021 657 3058; x_wconf 86' lang='lat'>‚</span> <span class='ocrx_word' id='word_1_312' title='bbox 696 2997 895 3065; x_wconf 82' lang='lat' dir='ltr'><strong>quam</strong></span> <span class='ocrx_word' id='word_1_313' title='bbox 939 2994 1016 3044; x_wconf 87' lang='lat' dir='ltr'><strong>ut</strong></span> <span class='ocrx_word' id='word_1_314' title='bbox 1058 2972 1324 3044; x_wconf 83' lang='lat' dir='ltr'><strong>tandem</strong></span> <span class='ocrx_word' id='word_1_315' title='bbox 1350 2969 1699 3064; x_wconf 87' lang='lat' dir='ltr'><strong>aliquando</strong></span> <span class='ocrx_word' id='word_1_316' title='bbox 1746 2971 2036 3045; x_wconf 84' lang='lat' dir='ltr'><strong>dicamus</strong></span> <span class='ocrx_word' id='word_1_317' title='bbox 2076 3022 2103 3059; x_wconf 84' lang='lat'>‚</span> <span class='ocrx_word' id='word_1_318' title='bbox 2143 2971 2300 3067; x_wconf 88' lang='lat' dir='ltr'><strong>quid</strong></span> <span class='ocrx_word' id='word_1_319' title='bbox 2326 2968 2457 3048; x_wconf 79' lang='lat' dir='ltr'><strong>sint</strong></span> <span class='ocrx_word' id='word_1_320' title='bbox 2495 2975 2701 3044; x_wconf 85' lang='lat' dir='ltr'><strong>atomi</strong></span> <span class='ocrx_word' id='word_1_321' title='bbox 2733 2973 3035 3052; x_wconf 77' lang='lat' dir='ltr'><strong>nostrae?</strong></span> <span class='ocrx_word' id='word_1_322' title='bbox 3071 2976 3239 3052; x_wconf 92' lang='lat' dir='ltr'><strong>Non</strong></span> 
     </span>
     <span class='ocr_line' id='line_1_28' title="bbox 311 3068 3239 3166; baseline 0.003 -24"><span class='ocrx_word' id='word_1_323' title='bbox 311 3068 608 3142; x_wconf 81' lang='lat' dir='ltr'><strong>extensas</strong></span> <span class='ocrx_word' id='word_1_324' title='bbox 636 3120 659 3156; x_wconf 89' lang='lat'>‚</span> <span class='ocrx_word' id='word_1_325' title='bbox 707 3073 749 3141; x_wconf 85' lang='lat' dir='ltr'><strong>i.</strong></span> <span class='ocrx_word' id='word_1_326' title='bbox 807 3097 862 3142; x_wconf 89' lang='lat' dir='ltr'><strong>e.</strong></span> <span class='ocrx_word' id='word_1_327' title='bbox 913 3072 1096 3143; x_wconf 90' lang='lat' dir='ltr'><strong>omni</strong></span> <span class='ocrx_word' id='word_1_328' title='bbox 1138 3069 1545 3164; x_wconf 87' lang='lat' dir='ltr'><strong>longitudine</strong></span> <span class='ocrx_word' id='word_1_329' title='bbox 1592 3071 1658 3141; x_wconf 69' lang='grc' dir='ltr'>ἃ</span> <span class='ocrx_word' id='word_1_330' title='bbox 1696 3068 2143 3164; x_wconf 82' lang='lat' dir='ltr'><strong>profunditate</strong></span> <span class='ocrx_word' id='word_1_331' title='bbox 2190 3092 2479 3150; x_wconf 87' lang='lat' dir='ltr'><strong>carentes</strong></span> <span class='ocrx_word' id='word_1_332' title='bbox 2536 3068 2657 3145; x_wconf 84' lang='lat' dir='ltr'><strong>effe</strong></span> <span class='ocrx_word' id='word_1_333' title='bbox 2707 3124 2733 3160; x_wconf 85' lang='lat'>,</span> <span class='ocrx_word' id='word_1_334' title='bbox 2797 3075 2941 3166; x_wconf 82' lang='lat' dir='ltr'><strong>jam</strong></span> <span class='ocrx_word' id='word_1_335' title='bbox 2986 3075 3239 3156; x_wconf 83' lang='lat' dir='ltr'><strong>audivi·</strong></span> 
     </span>
     <span class='ocr_line' id='line_1_29' title="bbox 313 3164 3244 3266; baseline 0.002 -29"><span class='ocrx_word' id='word_1_336' title='bbox 313 3193 493 3238; x_wconf 85' lang='lat' dir='ltr'><strong>mus.</strong></span> <span class='ocrx_word' id='word_1_337' title='bbox 556 3168 739 3239; x_wconf 87' lang='lat' dir='ltr'><strong>·1nde</strong></span> <span class='ocrx_word' id='word_1_338' title='bbox 783 3166 1065 3241; x_wconf 87' lang='lat' dir='ltr'><strong>efficitur</strong></span> <span class='ocrx_word' id='word_1_339' title='bbox 1093 3213 1114 3239; x_wconf 87' lang='lat'>‚</span> <span class='ocrx_word' id='word_1_340' title='bbox 1152 3193 1273 3240; x_wconf 90' lang='lat' dir='ltr'><strong>nec</strong></span> <span class='ocrx_word' id='word_1_341' title='bbox 1312 3164 1597 3261; x_wconf 86' lang='lat' dir='ltr'><strong>figuram</strong></span> <span class='ocrx_word' id='word_1_342' title='bbox 1639 3169 1776 3240; x_wconf 90' lang='lat' dir='ltr'><strong>illas</strong></span> <span class='ocrx_word' id='word_1_343' title='bbox 1807 3165 2061 3242; x_wconf 77' lang='lat' dir='ltr'><strong>&#39;habere</strong></span> <span class='ocrx_word' id='word_1_344' title='bbox 2094 3198 2118 3254; x_wconf 99' lang='lat'>3</span> <span class='ocrx_word' id='word_1_345' title='bbox 2175 3167 2392 3265; x_wconf 87' lang='lat' dir='ltr'><strong>figura</strong></span> <span class='ocrx_word' id='word_1_346' title='bbox 2467 3171 2644 3243; x_wconf 88' lang='lat' dir='ltr'><strong>enim</strong></span> <span class='ocrx_word' id='word_1_347' title='bbox 2713 3173 3244 3266; x_wconf 83' lang='lat' dir='ltr'><strong>magnitudinem</strong></span> 
     </span>
     <span class='ocr_line' id='line_1_30' title="bbox 317 3263 3233 3361; baseline 0 -24"><span class='ocrx_word' id='word_1_348' title='bbox 317 3290 599 3356; x_wconf 88' lang='lat' dir='ltr'><strong>eamque</strong></span> <span class='ocrx_word' id='word_1_349' title='bbox 645 3263 980 3341; x_wconf 88' lang='lat' dir='ltr'><strong>definitam</strong></span> <span class='ocrx_word' id='word_1_350' title='bbox 1030 3266 1314 3357; x_wconf 90' lang='lat' dir='ltr'><strong>sequitur</strong></span> <span class='ocrx_word' id='word_1_351' title='bbox 1347 3292 1370 3345; x_wconf 89' lang='lat'>3</span> <span class='ocrx_word' id='word_1_352' title='bbox 1420 3266 1631 3337; x_wconf 77' lang='lat' dir='ltr'><strong>immo</strong></span> <span class='ocrx_word' id='word_1_353' title='bbox 1682 3267 1875 3359; x_wconf 86' lang='lat' dir='ltr'><strong>plane</strong></span> <span class='ocrx_word' id='word_1_354' title='bbox 1923 3293 2138 3361; x_wconf 91' lang='lat' dir='ltr'><strong>neque</strong></span> <span class='ocrx_word' id='word_1_355' title='bbox 2204 3293 2476 3361; x_wconf 83' lang='lat' dir='ltr'><strong>magnas</strong></span> <span class='ocrx_word' id='word_1_356' title='bbox 2526 3293 2741 3360; x_wconf 89' lang='lat' dir='ltr'><strong>neque</strong></span> <span class='ocrx_word' id='word_1_357' title='bbox 2792 3293 3029 3361; x_wconf 83' lang='lat' dir='ltr'><strong>parvas</strong></span> <span class='ocrx_word' id='word_1_358' title='bbox 3088 3263 3233 3337; x_wconf 82' lang='lat' dir='ltr'><strong>effe.</strong></span> 
     </span>
     <span class='ocr_line' id='line_1_31' title="bbox 309 3363 3240 3458; baseline 0 -22"><span class='ocrx_word' id='word_1_359' title='bbox 309 3363 702 3440; x_wconf 85' lang='lat' dir='ltr'><strong>Ridiculum</strong></span> <span class='ocrx_word' id='word_1_360' title='bbox 743 3364 891 3438; x_wconf 83' lang='lat' dir='ltr'><strong>effet</strong></span> <span class='ocrx_word' id='word_1_361' title='bbox 913 3416 938 3455; x_wconf 87' lang='lat'>,</span> <span class='ocrx_word' id='word_1_362' title='bbox 1003 3363 1052 3436; x_wconf 82' lang='lat' dir='ltr'>fi</span> <span class='ocrx_word' id='word_1_363' title='bbox 1091 3363 1361 3436; x_wconf 83' lang='lat' dir='ltr'><strong>cuilibet</strong></span> <span class='ocrx_word' id='word_1_364' title='bbox 1398 3385 1629 3435; x_wconf 85' lang='lat' dir='ltr'><strong>atomo</strong></span> <span class='ocrx_word' id='word_1_365' title='bbox 1677 3364 2124 3458; x_wconf 89' lang='lat' dir='ltr'><strong>cognitionem</strong></span> <span class='ocrx_word' id='word_1_366' title='bbox 2163 3364 2710 3442; x_wconf 63' lang='lat' dir='ltr'><strong>attribuamus,</strong></span> <span class='ocrx_word' id='word_1_367' title='bbox 2769 3390 2971 3458; x_wconf 86' lang='lat' dir='ltr'><strong>quam</strong></span> <span class='ocrx_word' id='word_1_368' title='bbox 3013 3383 3240 3436; x_wconf 89' lang='lat' dir='ltr'><strong>totum</strong></span> 
     </span>
     <span class='ocr_line' id='line_1_32' title="bbox 309 3457 3239 3556; baseline 0 -22"><span class='ocrx_word' id='word_1_369' title='bbox 309 3486 560 3555; x_wconf 86' lang='lat' dir='ltr'><strong>corpus</strong></span> <span class='ocrx_word' id='word_1_370' title='bbox 605 3487 738 3534; x_wconf 88' lang='lat' dir='ltr'><strong>non</strong></span> <span class='ocrx_word' id='word_1_371' title='bbox 791 3462 994 3537; x_wconf 87' lang='lat' dir='ltr'><strong>habet</strong></span> <span class='ocrx_word' id='word_1_372' title='bbox 1042 3486 1127 3535; x_wconf 74' lang='lat' dir='ltr'><strong>ex</strong></span> <span class='ocrx_word' id='word_1_373' title='bbox 1171 3464 1407 3534; x_wconf 80' lang='lat' dir='ltr'><strong>atomis</strong></span> <span class='ocrx_word' id='word_1_374' title='bbox 1445 3457 1907 3553; x_wconf 85' lang='lat' dir='ltr'><strong>compofitum.</strong></span> <span class='ocrx_word' id='word_1_375' title='bbox 1987 3460 2181 3536; x_wconf 89' lang='lat' dir='ltr'><strong>Addo</strong></span> <span class='ocrx_word' id='word_1_376' title='bbox 2227 3462 2425 3555; x_wconf 83' lang='lat' dir='ltr'><strong>igitur</strong></span> <span class='ocrx_word' id='word_1_377' title='bbox 2441 3507 2465 3545; x_wconf 65' lang='lat'><em>2</em></span> <span class='ocrx_word' id='word_1_378' title='bbox 2512 3481 2772 3536; x_wconf 83' lang='lat' dir='ltr'><strong>atomos</strong></span> <span class='ocrx_word' id='word_1_379' title='bbox 2815 3486 2956 3537; x_wconf 89' lang='lat' dir='ltr'><strong>non</strong></span> <span class='ocrx_word' id='word_1_380' title='bbox 2997 3462 3239 3556; x_wconf 84' lang='lat' dir='ltr'><strong>cogita-</strong></span> 
     </span>
     <span class='ocr_line' id='line_1_33' title="bbox 305 3556 1766 3655; baseline -0.002 -20"><span class='ocrx_word' id='word_1_381' title='bbox 305 3586 382 3635; x_wconf 84' lang='lat' dir='ltr'><strong>re</strong></span> <span class='ocrx_word' id='word_1_382' title='bbox 412 3610 439 3648; x_wconf 82' lang='lat'>‚</span> <span class='ocrx_word' id='word_1_383' title='bbox 485 3577 685 3653; x_wconf 85' lang='lat' dir='ltr'><strong>atque</strong></span> <span class='ocrx_word' id='word_1_384' title='bbox 730 3585 808 3634; x_wconf 85' lang='lat' dir='ltr'><strong>eo</strong></span> <span class='ocrx_word' id='word_1_385' title='bbox 844 3587 948 3636; x_wconf 85' lang='lat' dir='ltr'><strong>eas</strong></span> <span class='ocrx_word' id='word_1_386' title='bbox 982 3563 1021 3632; x_wconf 72' lang='lat' dir='ltr'><strong>a</strong></span> <span class='ocrx_word' id='word_1_387' title='bbox 1054 3556 1766 3655; x_wconf 70' lang='lat' dir='ltr'><strong>spiritibusdistinguo.</strong></span> 
     </span>
    </p>

    <p class='ocr_par' dir='ltr' id='par_1_5' title="bbox 305 3652 3254 4744">
     <span class='ocr_line' id='line_1_34' title="bbox 512 3652 3235 3760; baseline 0.001 -29"><span class='ocrx_word' id='word_1_388' title='bbox 512 3660 777 3746; x_wconf 80' lang='lat' dir='ltr'><strong>Audio,</strong></span> <span class='ocrx_word' id='word_1_389' title='bbox 831 3661 987 3754; x_wconf 91' lang='lat' dir='ltr'><strong>quid</strong></span> <span class='ocrx_word' id='word_1_390' title='bbox 1018 3685 1155 3732; x_wconf 92' lang='lat' dir='ltr'><strong>non</strong></span> <span class='ocrx_word' id='word_1_391' title='bbox 1201 3656 1330 3731; x_wconf 85' lang='lat' dir='ltr'><strong>fint</strong></span> <span class='ocrx_word' id='word_1_392' title='bbox 1353 3710 1379 3747; x_wconf 84' lang='lat'>‚</span> <span class='ocrx_word' id='word_1_393' title='bbox 1435 3658 1650 3750; x_wconf 85' lang='lat' dir='ltr'><strong>inquis</strong></span> <span class='ocrx_word' id='word_1_394' title='bbox 1675 3708 1699 3743; x_wconf 88' lang='lat'><em>‚</em></span> <span class='ocrx_word' id='word_1_395' title='bbox 1745 3656 1950 3730; x_wconf 88' lang='lat' dir='ltr'><strong>atomi</strong></span> <span class='ocrx_word' id='word_1_396' title='bbox 1976 3686 1997 3725; x_wconf 88' lang='grc'><strong>.-</strong></span> <span class='ocrx_word' id='word_1_397' title='bbox 2032 3652 2424 3751; x_wconf 84' lang='lat' dir='ltr'><strong>quaerebam</strong></span> <span class='ocrx_word' id='word_1_398' title='bbox 2450 3708 2476 3744; x_wconf 88' lang='lat'><em>,</em></span> <span class='ocrx_word' id='word_1_399' title='bbox 2526 3656 2682 3751; x_wconf 89' lang='lat' dir='ltr'><strong>quid</strong></span> <span class='ocrx_word' id='word_1_400' title='bbox 2721 3655 2867 3733; x_wconf 87' lang='lat' dir='ltr'><strong>fint.</strong></span> <span class='ocrx_word' id='word_1_401' title='bbox 2942 3662 3184 3760; x_wconf 75' lang='lat' dir='ltr'><strong>Dicam</strong></span> <span class='ocrx_word' id='word_1_402' title='bbox 3209 3712 3235 3752; x_wconf 87' lang='lat'>,</span> 
     </span>
     <span class='ocr_line' id='line_1_35' title="bbox 307 3754 3239 3854; baseline 0.001 -24"><span class='ocrx_word' id='word_1_403' title='bbox 307 3782 397 3830; x_wconf 82' lang='lat' dir='ltr'><strong>ne</strong></span> <span class='ocrx_word' id='word_1_404' title='bbox 456 3754 684 3831; x_wconf 85' lang='lat' dir='ltr'><strong>festina</strong></span> <span class='ocrx_word' id='word_1_405' title='bbox 722 3784 740 3830; x_wconf 74' lang='grc' dir='ltr'><strong><em>ε</em></strong></span> <span class='ocrx_word' id='word_1_406' title='bbox 813 3761 1014 3854; x_wconf 90' lang='lat' dir='ltr'><strong>paulo</strong></span> <span class='ocrx_word' id='word_1_407' title='bbox 1065 3758 1210 3831; x_wconf 89' lang='lat' dir='ltr'><strong>sum</strong></span> <span class='ocrx_word' id='word_1_408' title='bbox 1249 3780 1483 3830; x_wconf 87' lang='lat' dir='ltr'><strong>natura</strong></span> <span class='ocrx_word' id='word_1_409' title='bbox 1521 3754 1787 3830; x_wconf 83' lang='lat' dir='ltr'><strong>tardior.</strong></span> <span class='ocrx_word' id='word_1_410' title='bbox 1915 3754 2234 3828; x_wconf 87' lang='lat' dir='ltr'><strong>Audivisti</strong></span> <span class='ocrx_word' id='word_1_411' title='bbox 2299 3780 2568 3849; x_wconf 90' lang='lat' dir='ltr'><strong>quoque</strong></span> <span class='ocrx_word' id='word_1_412' title='bbox 2605 3808 2631 3845; x_wconf 88' lang='lat'>,</span> <span class='ocrx_word' id='word_1_413' title='bbox 2688 3776 2988 3834; x_wconf 88' lang='lat' dir='ltr'><strong>atomum</strong></span> <span class='ocrx_word' id='word_1_414' title='bbox 3028 3759 3239 3852; x_wconf 70' lang='lat' dir='ltr'><strong>quies.</strong></span> 
     </span>
     <span class='ocr_line' id='line_1_36' title="bbox 310 3854 3240 3952; baseline 0.001 -24"><span class='ocrx_word' id='word_1_415' title='bbox 310 3881 459 3928; x_wconf 87' lang='lat' dir='ltr'><strong>cere</strong></span> <span class='ocrx_word' id='word_1_416' title='bbox 508 3854 682 3951; x_wconf 79' lang='lat' dir='ltr'><strong>poffe</strong></span> <span class='ocrx_word' id='word_1_417' title='bbox 719 3906 744 3943; x_wconf 90' lang='lat'>‚</span> <span class='ocrx_word' id='word_1_418' title='bbox 796 3860 1203 3950; x_wconf 86' lang='lat' dir='ltr'><strong>eandemque</strong></span> <span class='ocrx_word' id='word_1_419' title='bbox 1249 3855 1551 3934; x_wconf 85' lang='lat' dir='ltr'><strong>moveri;</strong></span> <span class='ocrx_word' id='word_1_420' title='bbox 1603 3875 1977 3928; x_wconf 88' lang='lat' dir='ltr'><strong>atomorum</strong></span> <span class='ocrx_word' id='word_1_421' title='bbox 2019 3855 2213 3930; x_wconf 85' lang='lat' dir='ltr'><strong>aliam</strong></span> <span class='ocrx_word' id='word_1_422' title='bbox 2273 3855 2469 3926; x_wconf 82' lang='lat' dir='ltr'><strong>aliam</strong></span> <span class='ocrx_word' id='word_1_423' title='bbox 2520 3873 2785 3951; x_wconf 82' lang='lat' dir='ltr'><strong>tangere</strong></span> <span class='ocrx_word' id='word_1_424' title='bbox 2827 3858 3002 3952; x_wconf 79' lang='lat' dir='ltr'><strong>poffe</strong></span> <span class='ocrx_word' id='word_1_425' title='bbox 3037 3885 3056 3929; x_wconf 73' lang='grc' dir='ltr'><strong>ε</strong></span> <span class='ocrx_word' id='word_1_426' title='bbox 3089 3865 3097 3873; x_wconf 84' lang='grc'><strong><em>’</em></strong></span> <span class='ocrx_word' id='word_1_427' title='bbox 3127 3885 3240 3934; x_wconf 82' lang='lat' dir='ltr'><strong>au-</strong></span> 
     </span>
     <span class='ocr_line' id='line_1_37' title="bbox 308 3952 3239 4047; baseline 0.002 -22"><span class='ocrx_word' id='word_1_428' title='bbox 308 3953 528 4026; x_wconf 85' lang='lat' dir='ltr'><strong>divisti</strong></span> <span class='ocrx_word' id='word_1_429' title='bbox 555 4000 576 4026; x_wconf 88' lang='lat'>‚</span> <span class='ocrx_word' id='word_1_430' title='bbox 623 3977 928 4028; x_wconf 88' lang='lat' dir='ltr'><strong>atomum</strong></span> <span class='ocrx_word' id='word_1_431' title='bbox 976 3957 1046 4028; x_wconf 86' lang='lat' dir='ltr'><strong>in</strong></span> <span class='ocrx_word' id='word_1_432' title='bbox 1127 3953 1292 4028; x_wconf 89' lang='lat' dir='ltr'><strong>lobo</strong></span> <span class='ocrx_word' id='word_1_433' title='bbox 1347 3982 1415 4029; x_wconf 86' lang='lat' dir='ltr'><strong>v.</strong></span> <span class='ocrx_word' id='word_1_434' title='bbox 1468 3979 1570 4047; x_wconf 84' lang='lat' dir='ltr'><strong>gt.</strong></span> <span class='ocrx_word' id='word_1_435' title='bbox 1618 3976 1917 4027; x_wconf 87' lang='lat' dir='ltr'><strong>centrum</strong></span> <span class='ocrx_word' id='word_1_436' title='bbox 1968 3952 2088 4027; x_wconf 83' lang='lat' dir='ltr'><strong>effe</strong></span> <span class='ocrx_word' id='word_1_437' title='bbox 2111 4005 2137 4042; x_wconf 86' lang='lat'><em>,</em></span> <span class='ocrx_word' id='word_1_438' title='bbox 2175 3955 2267 4027; x_wconf 81' lang='lat' dir='ltr'><strong>ita</strong></span> <span class='ocrx_word' id='word_1_439' title='bbox 2307 3971 2385 4026; x_wconf 86' lang='lat' dir='ltr'><strong>ut</strong></span> <span class='ocrx_word' id='word_1_440' title='bbox 2433 3978 2660 4028; x_wconf 89' lang='lat' dir='ltr'><strong>omnes</strong></span> <span class='ocrx_word' id='word_1_441' title='bbox 2697 3957 2890 4031; x_wconf 77' lang='lat' dir='ltr'><strong>lin&#39;eae</strong></span> <span class='ocrx_word' id='word_1_442' title='bbox 2917 3958 3003 4031; x_wconf 83' lang='lat' dir='ltr'><strong>ab</strong></span> <span class='ocrx_word' id='word_1_443' title='bbox 3046 3983 3122 4031; x_wconf 87' lang='lat' dir='ltr'><strong>ea</strong></span> <span class='ocrx_word' id='word_1_444' title='bbox 3154 3960 3239 4032; x_wconf 83' lang='lat' dir='ltr'><strong>ad</strong></span> 
     </span>
     <span class='ocr_line' id='line_1_38' title="bbox 307 4052 3239 4150; baseline 0.003 -24"><span class='ocrx_word' id='word_1_445' title='bbox 307 4054 749 4147; x_wconf 81' lang='lat' dir='ltr'><strong>peripheriam</strong></span> <span class='ocrx_word' id='word_1_446' title='bbox 807 4055 1027 4127; x_wconf 65' lang='lat' dir='ltr'><strong>ductae</strong></span> <span class='ocrx_word' id='word_1_447' title='bbox 1107 4073 1210 4126; x_wconf 86' lang='lat' dir='ltr'><strong>1nt</strong></span> <span class='ocrx_word' id='word_1_448' title='bbox 1257 4053 1541 4148; x_wconf 76' lang='lat' dir='ltr'><strong>aequales</strong></span> <span class='ocrx_word' id='word_1_449' title='bbox 1589 4082 1612 4134; x_wconf 90' lang='lat'>3</span> <span class='ocrx_word' id='word_1_450' title='bbox 1664 4053 1875 4146; x_wconf 85' lang='lat' dir='ltr'><strong>potest</strong></span> <span class='ocrx_word' id='word_1_451' title='bbox 1926 4055 2127 4147; x_wconf 88' lang='lat' dir='ltr'><strong>igitur</strong></span> <span class='ocrx_word' id='word_1_452' title='bbox 2177 4070 2430 4125; x_wconf 88' lang='lat' dir='ltr'><strong>certum</strong></span> <span class='ocrx_word' id='word_1_453' title='bbox 2479 4052 2548 4124; x_wconf 89' lang='lat' dir='ltr'><strong>in</strong></span> <span class='ocrx_word' id='word_1_454' title='bbox 2613 4055 2997 4150; x_wconf 88' lang='lat' dir='ltr'><strong>corporibus</strong></span> <span class='ocrx_word' id='word_1_455' title='bbox 3037 4055 3239 4134; x_wconf 81' lang='lat' dir='ltr'><strong>litum</strong></span> 
     </span>
     <span class='ocr_line' id='line_1_39' title="bbox 309 4148 3238 4246; baseline 0.001 -22"><span class='ocrx_word' id='word_1_456' title='bbox 309 4148 617 4224; x_wconf 87' lang='lat' dir='ltr'><strong>obtinere</strong></span> <span class='ocrx_word' id='word_1_457' title='bbox 679 4180 699 4224; x_wconf 75' lang='lat' dir='ltr'><em>z</em></span> <span class='ocrx_word' id='word_1_458' title='bbox 762 4152 1062 4226; x_wconf 86' lang='lat' dir='ltr'><strong>audivisti</strong></span> <span class='ocrx_word' id='word_1_459' title='bbox 1104 4152 1382 4246; x_wconf 89' lang='lat' dir='ltr'><strong>denique</strong></span> <span class='ocrx_word' id='word_1_460' title='bbox 1407 4202 1431 4238; x_wconf 86' lang='lat'>‚</span> <span class='ocrx_word' id='word_1_461' title='bbox 1486 4174 1569 4220; x_wconf 84' lang='lat' dir='ltr'><strong>ex</strong></span> <span class='ocrx_word' id='word_1_462' title='bbox 1618 4176 1897 4223; x_wconf 90' lang='lat' dir='ltr'><strong>numero</strong></span> <span class='ocrx_word' id='word_1_463' title='bbox 1956 4170 2343 4223; x_wconf 89' lang='lat' dir='ltr'><strong>atomorum</strong></span> <span class='ocrx_word' id='word_1_464' title='bbox 2391 4149 2737 4228; x_wconf 86' lang='lat' dir='ltr'><strong>indefinito</strong></span> <span class='ocrx_word' id='word_1_465' title='bbox 2789 4152 2932 4230; x_wconf 85' lang='lat' dir='ltr'><strong>fieri</strong></span> <span class='ocrx_word' id='word_1_466' title='bbox 2989 4157 3187 4229; x_wconf 84' lang='lat' dir='ltr'><strong>lineas</strong></span> <span class='ocrx_word' id='word_1_467' title='bbox 3211 4204 3238 4242; x_wconf 87' lang='lat'><strong>,</strong></span> 
     </span>
     <span class='ocr_line' id='line_1_40' title="bbox 309 4245 3245 4347; baseline 0.002 -27"><span class='ocrx_word' id='word_1_468' title='bbox 309 4248 684 4344; x_wconf 86' lang='lat' dir='ltr'><strong>superficies</strong></span> <span class='ocrx_word' id='word_1_469' title='bbox 709 4301 733 4338; x_wconf 86' lang='lat'><strong><em>,</em></strong></span> <span class='ocrx_word' id='word_1_470' title='bbox 785 4276 1080 4347; x_wconf 88' lang='lat' dir='ltr'><strong>corpora.</strong></span> <span class='ocrx_word' id='word_1_471' title='bbox 1156 4250 1312 4343; x_wconf 85' lang='lat' dir='ltr'><strong>Jam</strong></span> <span class='ocrx_word' id='word_1_472' title='bbox 1367 4249 1565 4344; x_wconf 86' lang='lat' dir='ltr'><strong>igitur</strong></span> <span class='ocrx_word' id='word_1_473' title='bbox 1589 4298 1613 4335; x_wconf 90' lang='lat'>‚</span> <span class='ocrx_word' id='word_1_474' title='bbox 1666 4245 1715 4319; x_wconf 86' lang='lat' dir='ltr'><strong>fi</strong></span> <span class='ocrx_word' id='word_1_475' title='bbox 1766 4245 2223 4321; x_wconf 88' lang='lat' dir='ltr'><strong>definitionem</strong></span> <span class='ocrx_word' id='word_1_476' title='bbox 2271 4269 2651 4325; x_wconf 85' lang='lat' dir='ltr'><strong>atomorum</strong></span> <span class='ocrx_word' id='word_1_477' title='bbox 2701 4252 2740 4322; x_wconf 70' lang='lat' dir='ltr'><strong>a</strong></span> <span class='ocrx_word' id='word_1_478' title='bbox 2788 4279 2899 4325; x_wconf 90' lang='lat' dir='ltr'><strong>me</strong></span> <span class='ocrx_word' id='word_1_479' title='bbox 2931 4252 3245 4347; x_wconf 81' lang='lat' dir='ltr'><strong>postulas,</strong></span> 
     </span>
     <span class='ocr_line' id='line_1_41' title="bbox 307 4344 3250 4443; baseline -0 -22"><span class='ocrx_word' id='word_1_480' title='bbox 307 4369 552 4442; x_wconf 86' lang='lat' dir='ltr'><strong>potero</strong></span> <span class='ocrx_word' id='word_1_481' title='bbox 610 4351 757 4422; x_wconf 87' lang='lat' dir='ltr'><strong>haec</strong></span> <span class='ocrx_word' id='word_1_482' title='bbox 803 4351 1027 4423; x_wconf 86' lang='lat' dir='ltr'><strong>omnia</strong></span> <span class='ocrx_word' id='word_1_483' title='bbox 1050 4400 1074 4436; x_wconf 86' lang='lat'>‚</span> <span class='ocrx_word' id='word_1_484' title='bbox 1125 4373 1279 4443; x_wconf 83' lang='lat' dir='ltr'><strong>quae</strong></span> <span class='ocrx_word' id='word_1_485' title='bbox 1340 4349 1422 4420; x_wconf 91' lang='lat' dir='ltr'><strong>de</strong></span> <span class='ocrx_word' id='word_1_486' title='bbox 1454 4348 1690 4419; x_wconf 84' lang='lat' dir='ltr'><strong>atomis</strong></span> <span class='ocrx_word' id='word_1_487' title='bbox 1727 4348 1889 4418; x_wconf 85' lang='lat' dir='ltr'><strong>mihi</strong></span> <span class='ocrx_word' id='word_1_488' title='bbox 1944 4348 2204 4437; x_wconf 89' lang='lat' dir='ltr'><strong>cognita</strong></span> <span class='ocrx_word' id='word_1_489' title='bbox 2251 4344 2401 4418; x_wconf 87' lang='lat' dir='ltr'><strong>sunt</strong></span> <span class='ocrx_word' id='word_1_490' title='bbox 2443 4396 2467 4433; x_wconf 90' lang='lat'>,</span> <span class='ocrx_word' id='word_1_491' title='bbox 2531 4373 2914 4424; x_wconf 86' lang='lat' dir='ltr'><strong>coacervare</strong></span> <span class='ocrx_word' id='word_1_492' title='bbox 2966 4374 2985 4420; x_wconf 72' lang='lat' dir='ltr'><strong>t</strong></span> <span class='ocrx_word' id='word_1_493' title='bbox 3047 4371 3250 4442; x_wconf 84' lang='lat' dir='ltr'><strong>atque</strong></span> 
     </span>
     <span class='ocr_line' id='line_1_42' title="bbox 305 4443 3250 4541; baseline -0.001 -23"><span class='ocrx_word' id='word_1_494' title='bbox 305 4448 481 4518; x_wconf 82' lang='lat' dir='ltr'><strong>hanc</strong></span> <span class='ocrx_word' id='word_1_495' title='bbox 533 4447 687 4520; x_wconf 90' lang='lat' dir='ltr'><strong>inde</strong></span> <span class='ocrx_word' id='word_1_496' title='bbox 750 4445 1198 4520; x_wconf 81' lang='lat' dir='ltr'><strong>definitionem</strong></span> <span class='ocrx_word' id='word_1_497' title='bbox 1260 4471 1702 4541; x_wconf 83' lang='lat' dir='ltr'><strong>componere:</strong></span> <span class='ocrx_word' id='word_1_498' title='bbox 1753 4451 1969 4520; x_wconf 82' lang='lat' dir='ltr'><strong>Atomi</strong></span> <span class='ocrx_word' id='word_1_499' title='bbox 1999 4446 2159 4536; x_wconf 82' lang='lat' dir='ltr'><strong>sunt</strong></span> <span class='ocrx_word' id='word_1_500' title='bbox 2197 4470 2291 4518; x_wconf 84' lang='lat' dir='ltr'><strong>res</strong></span> <span class='ocrx_word' id='word_1_501' title='bbox 2341 4470 2477 4516; x_wconf 79' lang='lat' dir='ltr'><strong>unae</strong></span> <span class='ocrx_word' id='word_1_502' title='bbox 2539 4443 2630 4534; x_wconf 58' lang='grc' dir='ltr'><strong>ἓξ</strong></span> <span class='ocrx_word' id='word_1_503' title='bbox 2666 4445 2965 4539; x_wconf 77' lang='lat' dir='ltr'><strong>simplices</strong></span> <span class='ocrx_word' id='word_1_504' title='bbox 3004 4493 3030 4529; x_wconf 83' lang='lat'>‚</span> <span class='ocrx_word' id='word_1_505' title='bbox 3084 4451 3250 4516; x_wconf 75' lang='lat' dir='ltr'><strong>omni</strong></span> 
     </span>
     <span class='ocr_line' id='line_1_43' title="bbox 311 4543 3254 4643; baseline -0.004 -24"><span class='ocrx_word' id='word_1_506' title='bbox 311 4552 672 4640; x_wconf 80' lang='lat' dir='ltr'><strong>cogitatione</strong></span> <span class='ocrx_word' id='word_1_507' title='bbox 703 4597 728 4633; x_wconf 87' lang='lat'>‚</span> <span class='ocrx_word' id='word_1_508' title='bbox 768 4546 1136 4643; x_wconf 82' lang='lat' dir='ltr'><strong>longitudine</strong></span> <span class='ocrx_word' id='word_1_509' title='bbox 1153 4594 1172 4624; x_wconf 86' lang='lat'>‚</span> <span class='ocrx_word' id='word_1_510' title='bbox 1205 4545 1622 4641; x_wconf 80' lang='lat' dir='ltr'><strong>profunditate</strong></span> <span class='ocrx_word' id='word_1_511' title='bbox 1648 4545 1672 4631; x_wconf 67' lang='lat'><strong>‚⁹</strong></span> <span class='ocrx_word' id='word_1_512' title='bbox 1699 4547 1916 4641; x_wconf 80' lang='lat' dir='ltr'><strong>figura</strong></span> <span class='ocrx_word' id='word_1_513' title='bbox 1957 4561 2225 4617; x_wconf 83' lang='lat' dir='ltr'><strong>carentes</strong></span> <span class='ocrx_word' id='word_1_514' title='bbox 2245 4573 2271 4627; x_wconf 87' lang='lat'>3</span> <span class='ocrx_word' id='word_1_515' title='bbox 2297 4561 2522 4629; x_wconf 75' lang='lat' dir='ltr'><strong>motus,</strong></span> <span class='ocrx_word' id='word_1_516' title='bbox 2564 4545 2783 4643; x_wconf 65' lang='lat' dir='ltr'><strong>quietis</strong></span> <span class='ocrx_word' id='word_1_517' title='bbox 2795 4590 2818 4624; x_wconf 85' lang='lat'>,</span> <span class='ocrx_word' id='word_1_518' title='bbox 2852 4543 3006 4633; x_wconf 69' lang='lat' dir='ltr'><strong>sitm</strong></span> <span class='ocrx_word' id='word_1_519' title='bbox 3026 4586 3052 4621; x_wconf 75' lang='lat'>3</span> <span class='ocrx_word' id='word_1_520' title='bbox 3113 4560 3254 4611; x_wconf 85' lang='lat' dir='ltr'><strong>con-</strong></span> 
     </span>
     <span class='ocr_line' id='line_1_44' title="bbox 311 4631 3119 4744; baseline -0.005 -24"><span class='ocrx_word' id='word_1_521' title='bbox 311 4645 505 4720; x_wconf 58' lang='lat' dir='ltr'><strong>tanus</strong></span> <span class='ocrx_word' id='word_1_522' title='bbox 547 4665 833 4738; x_wconf 82' lang='lat' dir='ltr'><strong>capaces3</strong></span> <span class='ocrx_word' id='word_1_523' title='bbox 866 4672 945 4716; x_wconf 82' lang='lat' dir='ltr'><strong>ex</strong></span> <span class='ocrx_word' id='word_1_524' title='bbox 999 4669 1266 4744; x_wconf 75' lang='lat' dir='ltr'><strong>quarum</strong></span> <span class='ocrx_word' id='word_1_525' title='bbox 1314 4651 1575 4739; x_wconf 80' lang='lat' dir='ltr'><strong>congerie</strong></span> <span class='ocrx_word' id='word_1_526' title='bbox 1618 4642 1933 4738; x_wconf 75' lang='lat' dir='ltr'><strong>indefinita</strong></span> <span class='ocrx_word' id='word_1_527' title='bbox 1961 4647 2140 4738; x_wconf 79' lang='lat' dir='ltr'><strong>fiunt</strong></span> <span class='ocrx_word' id='word_1_528' title='bbox 2188 4642 2357 4739; x_wconf 79' lang='lat' dir='ltr'><strong>longa</strong></span> <span class='ocrx_word' id='word_1_529' title='bbox 2375 4691 2401 4729; x_wconf 71' lang='lat'>3</span> <span class='ocrx_word' id='word_1_530' title='bbox 2433 4641 2564 4712; x_wconf 81' lang='lat' dir='ltr'><strong>lata</strong></span> <span class='ocrx_word' id='word_1_531' title='bbox 2588 4691 2614 4728; x_wconf 88' lang='lat'>‚</span> <span class='ocrx_word' id='word_1_532' title='bbox 2669 4638 2762 4724; x_wconf 62' lang='lat'><strong>&amp;⁹</strong></span> <span class='ocrx_word' id='word_1_533' title='bbox 2790 4631 3119 4729; x_wconf 70' lang='lat' dir='ltr'><strong>profunda.</strong></span> 
     </span>
    </p>

    <p class='ocr_par' dir='ltr' id='par_1_6' title="bbox 508 4723 3260 4839">
     <span class='ocr_line' id='line_1_45' title="bbox 508 4723 3260 4839; baseline -0.002 -20"><span class='ocrx_word' id='word_1_534' title='bbox 508 4749 611 4819; x_wconf 85' lang='lat' dir='ltr'><em>W</em></span> <span class='ocrx_word' id='word_1_535' title='bbox 600 4742 895 4839; x_wconf 70' lang='lat' dir='ltr'><strong>erenfilfii</strong></span> <span class='ocrx_word' id='word_1_536' title='bbox 936 4740 1231 4836; x_wconf 61' lang='lat' dir='ltr'><strong>opuscula</strong></span> <span class='ocrx_word' id='word_1_537' title='bbox 1283 4741 1481 4813; x_wconf 87' lang='lat' dir='ltr'><strong>Tom.</strong></span> <span class='ocrx_word' id='word_1_538' title='bbox 1527 4741 1564 4812; x_wconf 90' lang='lat'>1</span> <span class='ocrx_word' id='word_1_539' title='bbox 1605 4741 1663 4812; x_wconf 86' lang='grc' dir='ltr'><strong>Ι.</strong></span> <span class='ocrx_word' id='word_1_540' title='bbox 2344 4797 2355 4834; x_wconf 91' lang='lat'><strong>:</strong></span> <span class='ocrx_word' id='word_1_541' title='bbox 2514 4731 2586 4811; x_wconf 83' lang='lat' dir='ltr'>Y</span> <span class='ocrx_word' id='word_1_542' title='bbox 2802 4813 2811 4824; x_wconf 84' lang='lat'><strong><em>.</em></strong></span> <span class='ocrx_word' id='word_1_543' title='bbox 3108 4723 3260 4814; x_wconf 68' lang='grc' dir='ltr'><strong>Ηὲῑῦ</strong></span> 
     </span>
    </p>
   </div>
  </div>
 </body>
</html>
