4188 5670
920 333 1067 411 242
1564 309 1706 386 Da
1818 314 2458 401 stuta-rrum
2553 305 3201 387 Atutrsmurr

913 521 1065 577 rent
1088 550 1113 588 ‚
1158 494 1210 571 fi
1254 489 1521 571 cuilibet
1560 494 1777 567 liceret
1831 492 1941 565 illa
1988 488 2340 565 rescindere
2392 485 2699 569 suadente
2747 493 2960 585 aliqua
3004 490 3281 565 utilitate
3323 483 3359 561 ,⁹
3407 486 3482 563 id
3522 492 3698 587 quod
3767 496 3839 570 li-

916 620 1130 686 ceret,
1198 594 1246 669 fi
1307 596 1488 666 Deus
1558 617 1695 665 non
1750 588 1918 664 effer.
2002 587 2407 663 Libertatem
2452 614 2674 665 meam
2721 590 3035 670 vendidi3
3078 591 3182 683 jus
3211 588 3522 664 vindistae
3557 596 3830 688 private

917 699 1079 771 mihi
1123 694 1334 768 ademi
1359 741 1383 779 ,
1436 690 1589 783 quia
1636 685 1941 784 promisit
1985 688 2403 784 Magistratus
2454 691 2519 762 &
2565 692 2814 765 Civitas
2853 686 2916 761 se
2966 688 3228 781 injurias
3278 712 3456 761 meas
3508 694 3790 765 ulturam
3823 744 3846 778 ,

919 790 1215 891 promifit
1260 790 1755 885 protectionem.
1849 788 1975 862 Sed
2032 789 2193 882 quid
2247 784 2298 857 fi
2346 787 2450 859 hic
2505 813 2690 861 meus
2749 790 3088 863 Protestor
3130 790 3196 861 ἃ
3247 787 3637 879 injuriarum
3680 816 3851 865 mea-

918 915 1073 967 rum
1125 888 1369 964 vindex
1411 885 1541 982 ipfie
1613 910 1875 960 mecum
1921 886 2114 958 sentit
2155 913 2177 966 3
2244 882 2291 957 fi
2344 909 2484 957 non
2535 888 2740 961 credit
2788 884 2908 960 effe
2974 885 3255 966 Deum3
3299 883 3352 957 fi
3414 910 3551 960 uon
3603 890 3801 961 credit
3825 940 3850 975 ‚

814 1082 823 1087 ⁵
918 992 1109 1085 pana
1146 988 1390 1062 violare
1441 982 1560 1058 effe
1604 1004 1940 1080 peccatum
2004 985 2187 1079 quod
2243 985 2424 1055 Deus
2464 988 2696 1077 puniat
2732 989 2778 1059 ἓ
2828 983 2985 1058 Belli
3036 984 3140 1055 ille
3186 981 3387 1057 status
3438 981 3689 1081 semper
3719 1012 3854 1061 ma·

918 1106 1035 1163 net
1052 1138 1081 1177 ,
1136 1090 1251 1183 qui
1302 1105 1453 1159 ante
1483 1082 1608 1156 fuit
1629 1135 1654 1171 ,
1714 1107 1908 1178 quam
1963 1083 2259 1156 homines
2285 1083 2355 1153 in
2391 1083 2784 1159 Societatem
2845 1085 3206 1156 coiverunt.

1113 1238 1310 1312 Unde
1365 1239 1660 1312 videmus
1687 1289 1711 1324 ‚
1763 1238 2143 1333 religionem
2204 1239 2270 1310 &
2312 1235 2626 1309 Numinis
2677 1258 2935 1311 metum
2993 1236 3269 1307 unicum
3329 1233 3693 1308 Civitatum
3718 1259 3852 1308 om-

922 1339 1112 1414 nium
1161 1339 1498 1410 vinculum
1537 1332 1711 1415 effes
1760 1338 1825 1409 ἃ
1869 1337 2236 1431 potentiam
2283 1336 2463 1407 illam
2510 1359 2712 1426 quarn
2765 1331 3063 1430 flagitiofi
3099 1329 3571 1419 reformidant,
3617 1332 3853 1429 absque

925 1430 1232 1532 religione
1279 1432 1397 1508 effe
1445 1437 1711 1508 nullam.
1788 1436 1865 1508 Id
1907 1436 2090 1530 quod
2196 1432 2359 1507 robe
2405 1433 2713 1506 viderunt
2768 1457 2997 1515 omnes
3052 1431 3420 1505 civitatum
3468 1430 3852 1505 institutores

925 1538 992 1608 &
1033 1536 1417 1629 legislatores
1446 1584 1468 1619 ,
1528 1557 1815 1627 quorum
1865 1534 2084 1606 nullus
2133 1462 2257 1604 finit
2279 1581 2303 1619 ‚
2356 1531 2472 1624 qui
2519 1557 2658 1604 non
2708 1531 2986 1617 viderit,
3042 1525 3329 1602 numinis
3373 1548 3631 1605 metum
3682 1555 3854 1624 pror-

923 1631 1029 1705 sus
1075 1629 1194 1705 effe
1242 1626 1657 1703 neceffirrium
1684 1680 1706 1715 ‚
1772 1632 1856 1702 ad
1919 1633 2216 1705 homines
2271 1630 2340 1701 in
2403 1626 2626 1702 officio
2657 1627 3109 1713 continendos,
3129 1629 3194 1698 &
3220 1622 3512 1701 subditos
3544 1628 3853 1722 magistra-

922 1731 1072 1816 tui,
1115 1727 1556 1899 magistnsstum
1602 1727 1870 1803 subditis
1899 1751 2137 1806 mutuo
2180 1727 2445 1805 vinculo
2497 1728 2955 1803 devinciendos
2974 1776 2999 1815 ‚
3033 1724 3105 1800 in
3153 1747 3292 1818 quo
3319 1731 3536 1801 omnis
3575 1730 3852 1821 potentin

926 1829 1202 1903 civitatis
1247 1852 1325 1900 co
1401 1828 1552 1906 istit.

1120 1978 1592 2076 Hinc'legibus
1623 2007 1888 2078 quoque
1940 1982 2062 2056 suis
2109 1986 2405 2061 divinam
2465 1986 2785 2082 originem
2838 1985 3213 2066 tribuerunt
3238 2040 3263 2077 ,
3314 1982 3846 2086 religionibusque

930 2081 1249 2179 populum
1312 2078 1702 2154 imbuerunt
1780 2087 1846 2158 &
1925 2083 2328 2177 mitigarunt.
2427 2085 2605 2158 Hinc
2659 2081 2788 2175 fit,
2852 2105 2931 2160 ut
2989 2089 3315 2182 hodieque
3381 2111 3616 2164 omnes
3663 2085 3848 2175 Reges

930 2174 1230 2276 promiffa
1302 2178 1550 2272 populo
1651 2176 1821 2254 facta
1877 2179 2303 2273 jurejurando
2389 2178 2805 2257 confirment.
2918 2187 3095 2259 Hinc
3167 2183 3410 2261 subditi
3474 2176 3848 2280 principibus

934 2275 1373 2352 obedientiam
1423 2277 1841 2369 jurejurando
1896 2281 2313 2373 promittunt.
2379 2281 2558 2355 Hinc
2606 2285 2825 2355 omnis
2864 2285 3113 2377 generis
3158 2283 3404 2377 judicer
3445 2286 3511 2357 &
3547 2278 3846 2374 magistra-

934 2396 1042 2450 tus
1087 2376 1308 2468 jurant
1333 2424 1358 2461 ,
1410 2373 1472 2446 se
1523 2371 1798 2448 fideliter
1843 2375 2222 2448 muneribus
2278 2376 2404 2448 suis
2463 2376 2824 2450 funduros.
2920 2382 3098 2455 Hinc
3160 2381 3304 2455 testi
3359 2376 3500 2456 non'
3547 2380 3843 2462 creditur,

936 2472 1056 2550 nisi
1112 2473 1351 2565 jurato.
1438 2473 1612 2546 Hinc
1654 2473 2112 2566 jusjurandum
2171 2476 2313 2549 lites
2371 2474 2617 2569 alioqui
2671 2474 2959 2551 infinitas
3013 2478 3187 2576 saepe
3231 2481 3565 2556 terminat.

1127 2618 1234 2692 Ex
1280 2620 1375 2690 his
1444 2614 1751 2691 omnibus
1814 2616 2177 2692 attendenti
2247 2618 2432 2693 facile
2505 2640 2727 2712 patet,
2767 2616 2990 2703 hostes
3038 2614 3157 2691 effe
3205 2619 3456 2713 generis
3527 2611 3782 2688 humani
3819 2660 3842 2697 ,

940 2719 1052 2809 qui
1099 2714 1486 2817 atheilinum
1527 2713 1902 2790 hominibus
1946 2715 2326 2812 persuadere
2374 2721 2440 2791 &
2493 2716 2813 2791 insinuare
2849 2716 3234 2789 moliuntur.
3306 2719 3648 2813 Quantum
3685 2712 3847 2782 enim
3957 2716 3962 2727 ’

939 2815 1010 2884 in
1050 2810 1118 2888 se
1165 2815 1255 2890 est
1278 2869 1302 2904 ‚
1360 2842 1586 2890 omnes
1649 2816 1963 2890 Civitates
2001 2813 2363 2890 dissolvunt
2386 2868 2410 2905 ‚
2463 2819 2528 2890 &
2575 2819 2870 2893 homines
2899 2815 2967 2887 in
3001 2839 3166 2886 eum
3206 2811 3454 2887 statum
3486 2810 3844 2906 conjiciunt,

941 2934 1019 2982 ut
1065 2936 1404 3005 nunquam
1457 2917 1613 2987 alter
1656 2915 1841 2987 alteri
1888 2912 2090 2987 fidere
2151 2914 2398 3008 poffit;
2451 2937 2528 2989 ut
2601 2919 2805 2989 homo
2862 2914 3112 2984 homini
3158 2913 3348 3007 lupus
3431 2916 3499 2985 &
3683 2909 3852 2979 uicies

939 3005 1098 3093 fiat,
1149 3012 1265 3099 qui
1315 3009 1551 3079 nullius
1593 3011 1688 3080 rei
1743 3028 1928 3082 metu
1986 3034 2025 3080 a
2089 3011 2468 3083 criminibus
2537 3016 2814 3108 amplius
2864 3008 3309 3084 absterreatur.
3384 3011 3546 3085 Pote
3657 3008 3855 3100 itaque

943 3101 1348 3200 magistratus
1371 3103 1437 3176 in
1469 3130 1580 3177 eos
1611 3106 1724 3198 qui
1749 3105 2136 3178 atheismum
2161 3106 2555 3199 profitentur
2575 3162 2597 3205 2
2628 3121 3034 3204 aut'quoquo
3059 3110 3263 3184 modo
3294 3109 3531 3183 docent
3559 3160 3582 3198 ,
3612 3101 3856 3180 animad

944 3225 1195 3283 vertere
1221 3253 1248 3292 ‚
1309 3223 1623 3300 tanquam
1660 3204 1731 3277 in
1774 3201 2267 3298 perturbatores
2318 3208 2491 3303 pacis
2541 3208 2823 3305 publicae
2877 3210 2944 3280 &
2997 3208 3211 3281 hostes
3280 3208 3530 3303 generis
3582 3204 3861 3279 humani·

1136 3405 1375 3505 Neque
1406 3408 1584 3483 enim
1609 3411 1733 3486 hoc
1758 3406 1820 3482 se
1841 3408 2142 3487 excusare
2159 3408 2625 3505 poss‘unnquod
2649 3413 2799 3486 alias
2826 3407 3137 3495 haeretici,
3162 3405 3418 3481 fanatici
3459 3405 3595 3478 imo
3617 3394 3861 3498 peffimi

948 3506 1311 3582 idololatrae
1356 3508 1564 3583 solent
1597 3509 1955 3593 adducere3
2006 3508 2069 3584 se
2112 3508 2498 3583 conscientia
2546 3509 2821 3605 obligari
2853 3507 3022 3579 adid
3066 3505 3435 3580 docendum
3455 3556 3480 3592 ,
3531 3498 3714 3597 quod
3763 3522 3860 3569 ve·

951 3627 1101 3678 rum
1139 3606 1215 3676 iis
1267 3608 1584 3680 videatur.
1696 3609 2072 3683 Ridiculum
2136 3610 2313 3680 enim
2371 3604 2520 3679 effer
2551 3662 2575 3697 ‚
2638 3603 2690 3681 fi
2718 3604 2947 3681 atheus
3003 3602 3461 3678 conscientiam
3525 3602 3858 3696 allegaret,

951 3726 1102 3793 quae
1170 3701 1232 3774 se
1281 3706 1361 3778 ad
1407 3702 1829 3790 atheismum,
1889 3731 2087 3799 quem
2139 3729 2375 3779 verum
2424 3701 2542 3776 effe
2588 3705 2807 3778 credat
2836 3753 2863 3789 ‚
2920 3700 3290 3773 docendum
3347 3701 3618 3796 obliget.
3694 3699 3863 3785 Quae

953 3801 1128 3870 enim
1177 3802 1560 3876 conscientia
1607 3793 1726 3872 effe
1776 3801 1987 3894 potest
2024 3850 2048 3888 ,
2108 3800 2228 3873 ubi
2292 3804 2475 3875 Deus
2534 3827 2674 3875 non
2727 3798 3154 3896 agnoscitur?
3228 3799 3358 3873 Aut
3415 3798 3573 3894 quid
3599 3851 3627 3886 ,
3695 3813 3869 3867 metu

951 3893 1262 3969 Numinis
1308 3920 1566 3972 remoto
1593 3947 1617 3984 ‚
1667 3895 1956 3991 obligare
2008 3897 2221 3991 potest
2262 3900 2596 3970 hominem
2621 3949 2643 3985 ,
2691 3900 2775 3970 ad
2813 3898 3159 3971 veritatem
3192 3895 3616 3990 perniciosam
3641 3946 3664 3984 ,
3701 3917 3870 3967 men·

889 4095 894 4099 ι
952 3994 1138 4066 dacio
1165 4043 1190 4079 ‚
1232 4014 1307 4066 ut
1356 3992 1472 4086 ipsi
1520 3996 1779 4067 videtur
1801 4044 1825 4082 ‚
1878 4015 2018 4069 tam
2054 3996 2240 4081 utili,
2266 3999 2401 4068 imo
2446 4012 2587 4069 tam
2622 3993 2961 4073 necessario
2982 4047 3008 4085 ‚
3047 3993 3516 4098 praeferendam
3551 3992 3587 4068 ἓ

986 4207 1001 4220 ,
1048 4133 1173 4207 Sed
1201 4135 1264 4206 ἃ
1290 4159 1370 4206 ex
1396 4130 1548 4221 ¹¹00,
1578 4131 1627 4205 fi
1662 4162 2127 4233 argumentum
2143 4144 2579 4240 apodic'ticum
2609 4173 2728 4246 pro
2757 4147 3088 4224 existentia
3129 4143 3444 4220 Numinis
3489 4160 3709 4240 petere
3745 4157 3876 4213 non

955 4235 1146 4315 licen
1172 4232 1378 4328 ΡΟῑεη
1400 4228 1617 4305 saltem
1636 4240 1773 4332 peti
1812 4243 2263 4337 praejudicium
2313 4270 2451 4320 non
2486 4248 2629 4323 leve
2654 4299 2678 4338 ,
2724 4250 2904 4344 quod
2941 4245 3225 4320 multum
3264 4238 3537 4316 habebit
3576 4238 3878 4335 ponderis

956 4334 1285 4450 itt-auimo·
1308 4333 1527 4408 sedato
1559 4338 1623 4410 &
1650 4357 1925 4415 attento,
1997 4344 2063 4418 Si
2103 4345 2276 4417 enim
2310 4344 2632 4440 persuafio
2656 4346 2771 4422 ista
2813 4346 2894 4420 de
2931 4343 3264 4418 existentia
3301 4341 3614 4415 Numinis
3639 4339 3780 4410 tam
3811 4359 3880 4406 u·

962 4431 1088 4549 ‘¹¹3⁸
1110 4430 1224 4519 ‘st’
1265 4434 1406 4506 ¹⁰¹⁶
1445 4454 1586 4507 tam
1635 4438 2110 4529 neceffir3³2ad
2141 4468 2367 4536 pacem
2395 4496 2428 4529 ‚-
2443 4447 2832 4519 Societatem
2870 4446 2934 4517 δε
2981 4440 3498 4535 tranquilitatem
3539 4440 3714 4510 inter
3771 4438 3882 4508 ho-

962 4554 1170 4610 mmes
1214 4530 1715 4614 0⁰¹¹ssstvassda¹1¹
1739 4588 1765 4626 ι
1818 4563 1981 4616 num
2005 4538 2306 4615 credibile
2361 4541 2450 4614 est
2472 4593 2496 4632 ‚
2534 4567 2682 4620 eam
2719 4540 2944 4618 falsam
2990 4537 3165 4616 effe?
3204 4538 3389 4614 Nihil
3426 4536 3683 4634 hornini
3719 4532 3882 4607 veri·

924 4649 929 4656 ⁸
1332 4669 1341 4674 ’
1546 4651 1549 4654 ’
1655 4649 1665 4657 ’
1856 4651 1867 4658 ’
2844 4679 2856 4690 ·
3741 4647 3886 4706 tatis
