4188 5670
858 324 1050 400 ²270
1651 299 2531 379 Pru-unowanus
2630 325 2758 379 nn

907 482 1157 563 finxiss‘e
1204 485 1387 558 Deos
1433 475 1576 554 effe.
1650 482 1901 559 Utrum
1951 479 2357 576 probabilius
2401 485 2492 559 est
2509 536 2533 575 ‚
2585 508 2843 563 metum
2884 488 3071 568 illum
3098 489 3226 569 effe
3267 490 3544 569 oeuffam
3699 493 3840 569 sua}

906 585 1103 661 fionis
1121 636 1145 672 ‚
1203 574 1334 677 qua
1382 580 1528 675 quis
1585 582 1827 668 credit,
1900 582 2128 654 Deum
2177 581 2297 656 effe
2319 587 2366 657 ?
2439 585 2544 657 An
2609 586 3089 682 persuasionem
3141 594 3471 688 quandam
3498 644 3523 681 ‚
3606 595 3723 667 ‘cet
3776 596 3846 671 in

910 685 1131 759 multis
1170 677 1546 754 hominibus
1580 679 1944 754 admodum
1973 678 2320 754 obscuram
2368 685 2433 755 &
2482 685 2814 763 confusam
2844 739 2867 776 ‚
2901 688 3022 764 effe
3069 687 3348 764 cauffinn
3384 693 3549 765 illius
3580 692 3843 766 metus?

920 782 1169 855 Verum
1219 779 1400 859 esto;
1458 796 1672 851 metus
1712 778 1824 851 iste
1862 777 2085 851 fecerit
2138 782 2320 854 Deos
2343 833 2368 868 ‚
2418 782 2466 852 i,
2512 808 2568 855 e.
2621 785 3101 880 persuafionem
3143 790 3246 862 de‘
3278 793 3442 864 Diis.
3521 792 3649 864 Sed
3708 796 3845 885 quis

911 880 1066 954 fecit
1103 881 1172 952 in
1219 873 1595 950 hominibus
1645 877 1829 956 illum
1876 899 2176 966 metum,
2252 880 2440 974 quod
2490 886 2865 959 cum⁴male
2917 910 3125 983 agunt
3154 939 3182 976 ,
3246 911 3557 965 metuunt
3636 890 3844 963 nescio

919 978 1102 1074 quod
1163 977 1294 1049 Ens
1338 971 1660 1048 invifibile
1709 979 1774 1049 &
1813 996 2093 1070 potens,
2158 980 2337 1073 quod
2379 980 2801 1083 existimant,
2869 986 2996 1060 hoc
3037 988 3172 1060 Ens
3229 985 3354 1060 fibi
3401 989 3848 1082 placandum?

921 1081 1065 1173 quis
1117 1073 1376 1148 dubitet
1416 1074 1602 1146 illum
1647 1092 1899 1148 metum
1953 1075 2331 1150 horninibus
2387 1077 2671 1154 inditum
2722 1078 2840 1158 effe
2864 1135 2888 1172 2
2938 1086 3022 1157 ad
3075 1111 3189 1158 eos
3241 1089 3310 1160 in
3353 1084 3579 1160 officio
3644 1089 3842 1160 conti-

919 1179 1169 1252 nendos
1190 1224 1213 1260 ‚
1267 1173 1447 1266 quod
1491 1174 1529 1243 ὲ
1564 1172 1821 1245 nemine
1858 1169 2004 1245 fieri
2064 1172 2484 1271 potuir5‘'nifi
2527 1180 2566 1252 a
2613 1178 2921 1276 'supremo
2964 1172 3357 1280 Legislatore
3385 1237 3409 1274 ‚
3470 1185 3584 1281 qui
3629 1183 3840 1283 fingu-

921 1275 997 1347 lis
1049 1268 1348 1351 officium
1393 1268 1586 1344 suum
1635 1268 2041 1368 praescripsit.
2603 1318 2606 1323 «

1893 1594 2534 1687 CAPUT
2669 1592 2947 1690 VII.

929 1811 1305 1919 Probatur
1378 1814 1590 1921 idem,
1642 1841 1751 1897 ex
1830 1802 2231 1897 innumeris
2277 1816 2808 1903 Providentiae-
2902 1827 3189 1904 divinae
3268 1827 3560 1910 indiciis
3585 1886 3611 1934 ,
3695 1854 3837 1937 quae

1737 1928 1997 2046 paffim
2047 1939 2136 2019 in·
2180 1936 2258 2016 bi
2316 1942 2483 2019 oriis
2545 1941 3067 2051 inveniuntur.

934 2144 1287 2304 NEque
1333 2148 1887 2221 contemnendum
1935 2175 2058 2245 pro
2106 2150 2442 2227 existentia
2513 2156 2644 2231 Dei
2688 2155 2877 2229 nobis
2935 2157 3286 2256 suggerunt
3334 2181 3828 2258 argumentum,

1149 2270 1381 2318 omnes
1419 2246 1722 2319 omnium
1774 2251 2180 2344 populorum
2225 2250 2506 2327 historiae
2533 2305 2557 2341 ‚
2606 2254 2722 2328 ubi
2763 2257 2916 2330 sane
2970 2261 3271 2335 videmus
3315 2261 3661 2335 manifesta
3700 2263 3833 2351 Pro-

925 2347 1239 2422 videntiae
1274 2344 1519 2416 divinae
1567 2345 1820 2416 indicia.
1970 2348 2199 2422 Unum
2237 2372 2432 2444 atque
2479 2353 2762 2426 alterurn
2815 2355 2987 2430 forte
3058 2357 3210 2432 casu
3255 2362 3542 2434 accidere
3613 2356 3834 2456 potuis-

844 2512 849 2517 .
925 2447 1020 2518 set
1053 2474 1075 2526 3
1129 2442 1235 2515 sed
1282 2462 1389 2514 tot
1432 2467 1529 2514 res
1586 2440 1734 2515 casu
1770 2438 2052 2516 accidiffe
2091 2498 2116 2534 ,
2169 2473 2323 2543 quae
2375 2451 2870 2527 Providentiam
2906 2456 3221 2531 Numinis
3281 2479 3593 2556 arguunt,
3638 2486 3734 2534 res
3758 2457 3835 2531 est

926 2542 1013 2621 ab
1074 2541 1260 2616 omni
1313 2536 1868 2643 verisimilitudine
1916 2544 2143 2619 aliena.
2206 2560 2216 2571 '

1121 2699 1190 2773 Si
1242 2695 1575 2770 historiam
1624 2699 1691 2772 S.
1732 2699 2086 2795 Scripturae
2143 2702 2622 2782 eonfideramus
2674 2762 2699 2800 ,
2769 2737 2907 2786 non
2956 2735 3270 2813 tanquam
3318 2716 3601 2792 verbum
3637 2715 3758 2790 Dei
3803 2762 3830 2801 ‚

928 2795 1036 2867 sed
1077 2818 1395 2890 tanquam
1428 2797 1767 2876 historiam
1803 2795 1936 2874 fide
1975 2802 2244 2899 dignam
2270 2860 2294 2894 ‚
2340 2826 2457 2878 aut
2506 2829 2773 2886 tantumv
2805 2840 2943 2888 non
3006 2812 3272 2913 penitus·
3307 2816 3539 2891 falsam
3588 2847 3609 2900 3
3665 2812 3836 2891 dubi-

931 2904 1071 2966 tare
1143 2917 1295 2980 non*
1344 2891 1677 2988 possumus
1725 2948 1755 2986 ,
1802 2901 2024 2996 divina
2066 2983 2071 2988 .
2083 2901 2564 2999 gubernatione
2608 2915 2832 2984 omnia
2869 2915 3061 3009 geri,
3114 2920 3182 2992 &
3227 2917 3623 3011 peculiarem
3654 2940 3836 3014 quan-

927 2992 1089 3061 dam
1143 2983 1343 3091 fuisse
1375 2994 1504 3063 Dei
1544 3000 1710 3067 circa
1747 3000 2071 3090 populum
2120 3003 2476 3095 Judaicum
2507 3011 3010 3097 provident-iam.
3124 3013 3259 3094 Etfi
3304 3018 3487 3088 enim*
3529 3019 3838 3110 praecipua

927 3108 1347 3184 peccatorum
1387 3090 1679 3163 vindicta
1734 3094 2094 3167 reservetur
2135 3098 2349 3172 seculo
2400 3098 2630 3180 futuro
2655 3158 2679 3194 ,
2708 3113 2974 3203 quando
3021 3111 3142 3190 fiet
3186 3114 3501 3189 omnibus
3524 3116 3695 3210 justa
3721 3138 3842 3187 me-

927 3191 1215 3263 ritorum
1261 3187 1747 3281 compensatio3
1796 3210 2019 3268 tamen
2072 3196 2141 3268 in
2197 3198 2324 3271 hoc
2393 3197 2606 3293 seculo
2639 3205 2810 3302 saepe
2849 3213 3135 3287 eduntur
3185 3216 3537 3309 exempla,
3594 3233 3672 3287 ut
3742 3216 3849 3292 ho·

820 3321 833 3348 s
931 3290 1149 3361 mines
1186 3285 1549 3382 intelligant
1582 3340 1606 3376 ,
1646 3289 1872 3364 Deum
1924 3318 2062 3365 non
2115 3296 2404 3372 dormire
2446 3352 2471 3388 ‚
2515 3299 2630 3377 sed
2671 3308 2997 3384 excubare
3033 3313 3105 3385 in
3153 3311 3348 3386 rebus
3381 3314 3676 3385 humanis
3711 3362 3739 3399 ‚
3786 3315 3851 3384 ἃ,

936 3390 1171 3460 omnia
1207 3386 1724 3462 animadvertere
1757 3420 1782 3474 ‚-
1835 3391 2192 3489 secumque.
2244 3421 2552 3493 reputent
2589 3455 2624 3492 ,,
2682 3409 2892 3501 quam
2933 3413 3166 3506 gravia·
3221 3412 3375 3508 post
3414 3414 3588 3485 hana
3641 3412 3851 3486 vitam
3913 3405 3926 3414 ’

933 3511 1161 3560 omnes
1199 3485 1459 3580 iniquos
1506 3509 1822 3566 maneant
1861 3490 2189 3588 supplicia.

1124 3637 1342 3734 Atque
1379 3643 1661 3737 integras
1710 3648 1978 3741 quidem
2028 3671 2292 3746 gentem,
2354 3658 2541 3751 quod*
2601 3667 2836 3737 attinet
2860 3717 2883 3753 ,
2938 3665 3062 3742 etfi
3103 3670 3479 3766 aliquandiu
3535 3671 3708 3747 laxae
3749 3667 3852 3743 ad·

931 3736 1217 3808 modurn
1268 3738 1584 3827 habenae,
1644 3746 1709 3814 δε
1757 3770 1996 3839 magna
2038 3776 2164 3843 pro
2212 3749 2532 3828 arbitratu
2567 3764 2853 3835 vivendi
2895 3766 3150 3840 licentia
3198 3773 3274 3843 iis
3325 3770 3497 3867 stupe
3551 3773 3853 3845 conceda-

908 3852 1085 3948 ·tur3
1140 3831 1276 3907 Etfi
1322 3839 1509 3930 impii
1561 3839 1935 3932 aliquandiu
1992 3867 2118 3937 pro
2172 3849 2394 3923 lubitu
2452 3877 2694 3948 agant,
2754 3864 2818 3933 &
2862 3866 2953 3957 pii
2993 3864 3079 3938 ab
3126 3870 3201 3940 iis
3252 3875 3751 3965 opprimantur5
3805 3864 3852 3940 fi

936 3957 1080 4025 quis
1117 3951 1343 4047 tamen
1375 3938 1688 4029 temporis
1732 3938 2037 4014 decursus
2084 3942 2487 4037 confideret,
2538 3951 2791 4030 {ridebit
2816 3961 3305 4040 Providentiam
3352 3997 3489 4044 non
3528 3973 3622 4043 ita
3655 3964 3847 4066 quiess

936 4054 1080 4101 cere
1109 4078 1132 4115 ‚
1190 4031 1254 4101 ἃ
1292 4051 1399 4143 ..¹¹³³
1440 4030 1560 4147 else
1611 4033 2059 4113 absconditam
2087 4093 2112 4130 ‚
2156 4045 2319 4137 quin
2348 4049 2493 4141 post
2539 4055 2803 4149 aliquod
2853 4060 3274 4139 intervallum
3320 4069 3352 4154 (
3365 4069 3673 4143 mensura
3709 4091 3852 4162 pec-

939 4145 1241 4242 eatorum
1285 4152 1357 4198 1n
1411 4132 1628 4244 aliqua
1652 4157 1871 4247 ⁴gente
1927 4141 2320 4237 completa)
2353 4145 2507 4222 ,sese
2548 4156 2787 4246 prodat
2839 4167 3028 4253 gravi
3085 4168 3148 4238 &
3192 4166 3468 4242 notabili
3524 4167 3848 4264 supplicio·

942 4228 1150 4314 Cuius
1213 4252 1462 4321 generis
1507 4231 1797 4326 plurima·
1839 4237 2092 4316 exstant
2133 4246 2481 4342 exempla,
2536 4278 2700 4328 cum·
2714 4257 2785 4328 in
2832 4259 2894 4333 S.
2949 4262 3182 4338 Literis
3209 4316 3232 4353 ,
3262 4285 3411 4340 tum
3454 4273 3530 4342 in
3573 4264 3860 4365 profanis

800 4361 807 4366 ·
937 4324 1241 4399 historiis„
