4188 5670
905 377 1044 455 168
1249 380 1261 393 “
1962 380 2911 457 ΜεοιτΑτιο’

911 564 1039 634 tius
1060 560 1498 654 intelligamus
1530 607 1556 646 ,
1618 554 2005 657 fimulatque
2040 583 2189 632 eam
2235 563 2544 633 attentius
2589 558 2965 657 irfpicimus
2996 607 3020 647 ,
3092 561 3159 633 δε
3203 560 3368 635 hane
3413 580 3637 635 rerum
3689 561 3805 634 in³

915 660 1331 733 definitarum
1382 681 1690 730 acervum
1740 657 1859 732 effe
1910 660 2230 733 videmus.
2303 653 2498 732 Idem
2551 685 2704 734 cum
2744 658 2990 753 semper
3041 658 3232 731 nobis
3258 660 3635 755 contingat,
3688 652 3830 731 feffi

926 759 1193 831 tandem
1236 776 1619 849 torpemus,
1670 781 1745 827 ac
1786 760 2080 831 contenti
2133 757 2394 842 sumus,
2449 756 2496 828 fi
2539 759 3022 853 perfunctorie,
3051 754 3319 850 &quasi
3361 754 3697 852 superficie
3746 774 3841 830 te-

931 882 1100 944 nus,
1159 880 1392 948 corpus
1441 852 1714 949 aspicere
1759 855 1949 929 nobis
2000 856 2198 939 licet3
2248 854 2296 928 si
2338 859 2406 927 in
2451 881 2532 929 eo
2591 859 2875 950 partium
2932 855 3340 948 quarundam
3373 907 3395 941 ,
3485 876 3638 949 quae
3691 852 3841 949 quid

938 953 1114 1040 fint,
1168 952 1391 1025 soliciti
1442 978 1576 1024 non
1616 952 1834 1025 sumus
1879 1007 1903 1044 ,
1971 956 2167 1026 unius
2214 977 2400 1027 extra
2444 956 2716 1027 alteram
2764 951 3154 1048 politionem
3187 1004 3208 1039 ,
3275 954 3313 1024 i.
3363 979 3418 1024 e.
3473 974 3704 1026 earum
3754 952 3847 1023 fo-

941 1056 1083 1126 lum
1115 1057 1314 1140 σχέο-ι·
1361 1051 1692 1145 quandam
1732 1056 1798 1125 ἃ
1832 1054 2213 1127 relationem
2240 1104 2264 1140 ,
2301 1054 2818 1147 contemplamur
2874 1080 2892 1122 z
2924 1052 3102 1146 quod
3127 1104 3147 1137 ,
3194 1071 3271 1122 ut
3308 1076 3428 1123 nos
3482 1050 3651 1145 ipsos
3689 1076 3849 1145 quo·

940 1149 1307 1224 dammodo
1358 1148 1764 1224 consolemur
1797 1203 1823 1240 ,
1865 1171 2168 1224 naturam
2221 1154 2510 1245 corporis
2565 1149 2948 1246 cognoscere
2989 1150 3405 1243 appellamus.

1131 1249 1204 1320 X
1230 1248 1418 1321 XX.
1492 1248 1809 1322 Videmus
1848 1252 1986 1336 hic,
2040 1250 2353 1343 quantilla
2388 1252 2452 1322 &
2485 1250 2676 1322 ‘mens
2726 1248 2938 1321 nostra
2971 1265 3234 1321 atomus
3267 1244 3349 1319 fit
3395 1298 3422 1335 ,
3498 1244 3547 1320 si
3587 1273 3740 1323 cum
3777 1271 3850 1319 ea

939 1366 1357 1440 comparetur
1387 1366 1653 1433 mente,
1699 1374 1852 1442 quae
1895 1373 2034 1421 non
2079 1352 2305 1421 onmia
2340 1349 2549 1420 modo
2599 1351 2664 1420 &
2696 1343 2942 1443 fingula
2987 1370 3261 1440 corpora
3288 1395 3313 1432 ,
3370 1345 3478 1420 sed
3529 1351 3595 1420 &
3626 1348 3849 1418 omnia

936 1454 1000 1522 δι
1045 1444 1289 1538 singula
1334 1446 1400 1515 in
1455 1441 1714 1537 singulis
1765 1442 2154 1541 corporibus
2198 1476 2223 1530 ‚-
2289 1471 2502 1540 neque
2544 1447 2613 1517 in
2668 1444 3052 1538 corporibus
3109 1462 3370 1516 tantum
3434 1468 3589 1536 quae
3649 1442 3799 1516 sunt
3827 1495 3849 1529 ,

933 1547 1064 1619 sied
1106 1569 1257 1636 quae
1302 1540 1430 1614 esse'
1468 1539 1778 1636 poss'unt,·
1816 1568 2028 1639 neque
2083 1544 2295 1616 solum
2338 1547 2407 1615 in
2457 1542 2841 1637 corporibus
2866 1593 2891 1630 ,
2941 1543 3048 1616 sed
3121 1543 3260 1614 aliis
3308 1542 3504 1614 rebus
3546 1542 3853 1614 omnibus

933 1647 1167 1717 intime
1221 1645 1287 1715 &
1329 1640 1780 1735 perfeffiffime
1805 1645 1984 1737 ,idq‚·
2021 1667 2153 1715 una
2174 1642 2306 1716 sola
2339 1644 2734 1736 cogitatione
2759 1694 2781 1728 ,
2816 1640 3189 1735 cognoscite
3224 1666 3376 1735 quae
3407 1639 3595 1713 fimul
3617 1638 3852 1734 perfec-

935 1741 1175 1816 tiffime
1224 1739 1598 1835 cognoscit,
1647 1767 1788 1813 non
1814 1766 2026 1814 unum
2050 1792 2073 1828 ,
2108 1766 2246 1813 non
2274 1742 2447 1811 mille
2480 1792 2502 1826 ,
2539 1765 2672 1812 non
2713 1758 2857 1825 tot,
2893 1762 3062 1833 quot
3091 1741 3159 1810 in
3198 1740 3364 1812 mari
3401 1759 3612 1833 guttae
3657 1740 3848 1824 sunt,

934 1864 1157 1913 rerum
1209 1840 1584 1931 myriadas,
1640 1864 1818 1927 non,
1862 1840 2041 1935 quod
2087 1840 2184 1911 his
2242 1839 2455 1930 nujus
2502 1837 2595 1911 est
2623 1891 2647 1927 ,
2702 1835 3087 1923 indefinita,
3147 1863 3284 1911 non
3326 1836 3718 1911 indefinities
3756 1839 3851 1908 in-

934 1937 1199 2012 definita
1226 1989 1248 2023 ,
1308 1942 1425 2010 &a
1483 1936 1594 2009 sed
1631 1935 1665 2029 (
1700 1939 1877 2031 quo‘d
1916 1941 2161 2010 cunctis
2185 1988 2209 2024 ,
2262 1962 2416 2031 quae
2456 1938 2549 2009 ita
2598 1937 2928 2039 pergendo
2970 1961 3263 2030 unquam
3318 1938 3615 2012 homines
3661 1937 3848 2007 attin-

932 2063 1085 2132 gere
1145 2033 1438 2130 poffent,
1502 2033 1807 2108 infinities
1858 2037 2076 2129 majus
2126 2033 2274 2127 est)
2317 2034 2613 2109 absolute
2660 2035 2967 2123 infinita,
3025 2038 3065 2106 i.
3106 2061 3160 2107 e.
3220 2036 3468 2108 omnia.
3539 2035 3726 2127 Qid
3762 2033 3851 2105 est

936 2136 1020 2207 ad
1058 2136 1225 2206 hanc
1252 2156 1541 2205 mentem
1573 2133 1788 2206 nostra
1821 2156 2007 2207 mens
2037 2186 2061 2223 ,
2110 2137 2215 2209 cui
2251 2131 2588 2209 millesima
2625 2136 2942 2231 particula
2984 2133 3245 2206 minimi
3281 2133 3619 2226 pulvisculi
3657 2129 3842 2222 abys-

933 2232 1038 2306 sus
1086 2232 1177 2305 est
1224 2229 1893 2325 impervestigabilis?

1127 2375 1317 2452 Disce
1365 2384 1468 2456 hic
1507 2381 1887 2459 modestiam
1944 2382 2205 2471 homos
2259 2409 2337 2462 tu
2359 2440 2385 2478 ‚
2427 2386 2534 2461 cui
2577 2410 2762 2460 mens
2807 2403 2921 2460 tua
2967 2404 3191 2459 rerum
3229 2374 3526 2454 mensura
3560 2378 3842 2452 videtutr

933 2478 998 2548 ἃ
1033 2480 1145 2572 qui
1175 2531 1199 2566 ,
1253 2483 1432 2572 quod
1490 2508 1628 2556 non
1660 2488 2158 2578 comprehendis
2191 2537 2215 2574 ,
2270 2490 2486 2561 immo
2521 2486 2705 2580 quod
2746 2485 2995 2558 stultius
3035 2480 3126 2556 est
3173 2531 3195 2567 ,
3259 2482 3438 2573 quod
3499 2504 3635 2550 non
3691 2480 3849 2550 ima·

932 2579 1174 2670 ginaris
1200 2629 1224 2665 ,
1277 2582 1580 2655 audacter
1604 2634 1628 2670 ,
1681 2608 1764 2656 ne
1811 2580 1931 2656 effe
1970 2585 2240 2679 quidem
2267 2638 2291 2674 ‚
2334 2588 2506 2660 dicis.
2578 2585 2923 2677 Quidquid
2965 2584 3135 2656 dicat
3177 2577 3258 2649 de
3314 2575 3373 2648 se
3405 2632 3427 2668 ,
3464 2578 3545 2650 de
3602 2574 3664 2648 se
3709 2570 3850 2647 infi·

929 2677 1074 2779 nito
1105 2727 1130 2762 ,
1189 2678 1322 2751 DE
1349 2703 1394 2754 u
1422 2703 1454 2753 s
1514 2679 1644 2775 ipse
1681 2679 1975 2756 infinitus
2026 2735 2051 2773 ,
2123 2710 2262 2757 non
2311 2686 2561 2758 credis:
2611 2708 2810 2778 quare
2848 2683 3113 2756 tandem
3164 2678 3182 2747 !
3239 2676 3403 2751 Non
3448 2677 3635 2770 capffo
3663 2725 3688 2762 ι
3734 2675 3843 2744 ³5³·

932 2764 1025 2885 Q
1070 2799 1304 2849 vocem
1358 2778 1667 2854 insanam.
1805 2783 2051 2858 Exerce
2087 2783 2523 2868 industriam,-
2570 2808 2798 2858 exer:e
2848 2832 2872 2870 ,
2929 2783 3032 2861 cui
3075 2772 3604 2863 tantum-tribuis
3632 2824 3656 2861 ,
3710 2794 3847 2867 per·

925 2869 1268 2979 'spicaciam
1301 2920 1320 2946 2
1348 2876 1420 2948 in
1469 2881 1598 2952 hoc
1643 2881 2003 2974 pulvisculo
2043 2911 2062 2955 ε
2118 2881 2371 2957 videbis
2409 2881 2746 2978 quousque
2784 2906 3060 2954 acumen
3102 2898 3298 2951 tuum
3335 2895 3673 2973 penetrare
3706 2866 3849 2967 pos-

930 2973 1033 3037 ht·
1110 2971 1292 3041 Tum
1341 2974 1614 3054 demum
1666 2981 2046 3054 meditando
2069 3032 2091 3066 ,
2137 2983 2523 3074 inquirendo
2548 3033 2571 3067 ,
2614 2979 3073 3073 perscrutando
3123 2969 3352 3063 feffus,
3405 2997 3557 3048 cum
3612 2970 3847 3047 vidisti,

931 3089 1137 3165 quam
1180 3091 1417 3160 parum
1459 3073 1803 3168 profeceris
1838 3126 1862 3162 ,
1918 3078 2150 3149 accede
2172 3128 2196 3163 ,
2242 3082 2307 3150 ἃ
2347 3081 2439 3149 ita
2476 3101 2699 3150 tecum
2742 3099 2974 3171 reputa
3013 3105 3032 3149 t
3110 3077 3176 3151 Si
3218 3074 3491 3146 minima
3536 3090 3680 3144 tam
3745 3093 3850 3165 pa-

868 3207 874 3212 ·
931 3190 1087 3238 rum
1125 3166 1449 3336 cognosco
1472 3199 1499 3255 ,-
1537 3170 1584 3243 fi
1629 3173 2124 3246 innumerabilia
2172 3171 2291 3246 effe
2324 3172 2454 3248 scio
2476 3227 2500 3263 ,
2533 3200 2726 3270 quae,
2766 3175 2925 3271 quid
2970 3173 3144 3263 fint,
3186 3169 3625 3270 qualialint,
3688 3193 3849 3263 quo-

919 3265 1149 3366 vmodo
1243 3288 1315 3340 nt
1346 3318 1372 3355 ,
1423 3296 1560 3343 non
1608 3272 1933 3366 percipio,
1963 3291 2287 3367 quantum
2333 3274 2369 3346 a
2395 3276 2766 3369 cognitione
2797 3272 3037 3348 infiniti
3084 3271 3317 3346 absum
3367 3275 3385 3344 !
3423 3273 3494 3349 in
3538 3270 3660 3342 hac
3707 3267 3847 3341 oeli-

934 3365 1083 3447 gine
1107 3416 1131 3453 ,
1170 3391 1321 3459 quae
1357 3370 1479 3443 alia
1524 3373 1727 3444 tutior
1773 3373 1882 3445 via
1924 3370 2060 3459 est,
2117 3397 2316 3466 quam
2356 3395 2648 3447 mentem
2671 3377 2878 3446 menti
2929 3372 3206 3446 infinitae
3239 3370 3619 3444 submittere
3643 3417 3668 3455 ,
3696 3388 3849 3462 quae

937 3458 1023 3532 ab
1061 3466 1181 3540 hac
1219 3470 1589 3543 revelantur
1637 3469 1892 3545 credere
1910 3523 1936 3561 ,
1976 3471 2196 3544 tenere
2216 3522 2241 3560 ,
2293 3498 2507 3567 neque
2536 3494 2722 3547 extra
2754 3496 2830 3545 ea
2877 3496 3170 3568 unquam
3211 3471 3489 3566 evagari.

1126 3616 1229 3689 Ita
1288 3616 1524 3693 faciam
1572 3641 1764 3710 certe.
1861 3623 1940 3694 In
1990 3625 2241 3698 caeteris
2288 3623 2505 3699 sanmn
2556 3631 2884 3701 rationem
2935 3628 3184 3723 ubique
3227 3628 3469 3725 sequar.
3564 3628 3846 3703 Credam

933 3732 1012 3785 ut
1054 3734 1226 3789 certa
1250 3765 1274 3801 ‚
1328 3743 1481 3810 quae
1517 3721 1683 3793 clare
1731 3722 2018 3814 percipio
2039 3771 2066 3807 ,
2113 3724 2439 3795 evidentia
2480 3723 2600 3797 effe
2628 3773 2653 3811 ,
2691 3750 2846 3797 nam
2892 3730 2958 3799 δι
3013 3730 3143 3801 hoc
3192 3729 3415 3802 lumen
3452 3731 3488 3801 a
3528 3729 3688 3803 Dsso
3732 3727 3847 3800 est·
3917 3747 3934 3756 ·

936 3814 1342 3906 Quanquam
1388 3819 1457 3886 in
1502 3818 1600 3888 his
1638 3819 1880 3910 aliquid
1931 3814 2051 3903 fit,
2085 3821 2268 3910 quod
2300 3823 2844 3914 comprehendere
2899 3848 3036 3897 non
3085 3824 3338 3921 possum
3391 3854 3413 3908 3
3468 3851 3848 3921 quanquam

936 3911 1232 3982 oriantur
1272 3936 1356 3982 ex
1395 3913 1524 3986 hoc
1559 3914 1695 4007 ipso
1747 3915 1953 3998 nodi,
2004 3937 2172 4006 quos
2210 3916 2457 3989 solvere
2503 3943 2801 4013 nequeot
2845 3923 3286 4012 nihilominus,
3330 3951 3483 4022 quae
3517 3927 3685 3999 clare
3706 3952 3849 4022 per-

938 4005 1107 4120 cipio
1131 4056 1155 4092 ,
1196 4028 1529 4100 tanquam.
1557 4015 1621 4082 ἃ
1659 4014 1804 4083 haec
1829 4014 1865 4082 a
1896 4011 2059 4085 Deo
2116 4012 2273 4083 mihi
2312 4014 2550 4088 dietata
2602 4017 2801 4093 effent
2846 4071 2869 4108 ,
2902 4021 3194 4095 tenebo:
3230 4025 3299 4095 in
3334 4027 3414 4096 iis
3444 4076 3467 4112 ,
3515 4050 3669 4119 quae
3708 4049 3847 4097 non

940 4126 1165 4198 capio,
1217 4104 1519 4197 angustos
1548 4112 1781 4181 mentis
1831 4133 2002 4182 meae
2050 4109 2284 4183 limites
2331 4114 2695 4206 agnosoem.
2796 4120 2998 4193 Ratio
3051 4124 3167 4209 ait,
3218 4143 3477 4196 atomos
3502 4125 3571 4195 in
3615 4148 3845 4217 corpo-

937 4225 1009 4274 re
1064 4200 1185 4273 effe
1231 4199 1638 4277 indefinitasz
1698 4209 1890 4282 credo
1913 4257 1939 4296 ,
1994 4219 2070 4281 ac
2091 4208 2264 4296 ,licet
2304 4211 2622 4288 indefiniti
2666 4222 2919 4291 numeri
2942 4221 3461 4315 magnitudinem
3499 4247 3633 4295 non
3668 4244 3850 4294 com-

938 4301 1335 4395 prehendam
1353 4353 1373 4388 ,
1437 4305 1855 4379 nihilominus
1898 4309 2115 4381 credo.
2229 4312 2426 4385 Ratio
2480 4316 2671 4403 dicit,
2726 4317 3041 4410 longum,
3080 4320 3287 4392 latum
3327 4323 3393 4393 &
3440 4320 3852 4415 profundum

940 4423 1225 4488 vacuum
1277 4399 1396 4474 effe
1439 4406 2016 4479 contradictorium
2041 4455 2062 4486 ‚
2120 4411 2361 4493 credo3
2408 4410 2514 4484 {ed
2549 4415 2674 4486 hoc
2712 4412 2926 4507 posito
2957 4467 2979 4503 ,
3037 4414 3298 4491 difficile
3344 4418 3438 4492 est
3482 4421 3844 4515 percipere,

941 4498 1282 4592 quomodo
1323 4502 1389 4573 in
1441 4529 1660 4576 rerum
1713 4526 1944 4578 natura
1977 4504 2173 4599 poffit
2225 4505 2344 4581 efle
2395 4533 2615 4581 motus
2639 4510 2673 4578 ἲ
2738 4511 3039 4587 Delabor
3081 4517 3149 4587 in
3180 4514 3566 4591 divisionem
3609 4533 3847 4611 co‘rpo-

937 4623 1091 4670 rum
1136 4623 1364 4671 revera
1418 4601 1823 4678 indefinitam
1871 4655 1894 4690 ,
1957 4628 2158 4697 quam
2186 4631 2324 4678 non
2368 4609 2573 4701 capio.
2633 4609 2861 4682 Teneo
2900 4632 3162 4702 tamen,
3210 4617 3388 4708 quod
3435 4616 3628 4692 semel
3669 4617 3848 4690 ratio

851 4700 884 4752 -'
909 4696 1244 4772 ··dietavit:
1293 4695 1635 4776 infirmitas
1677 4704 1911 4774 mentis
1941 4726 2111 4776 meae
2146 4728 2247 4776 res
2286 4730 2423 4779 non
2476 4726 2715 4802 mutas·
2806 4710 2987 4783 Nihil
3026 4714 3250 4785 clarius
3288 4717 3599 4811 percipio,
3637 4739 3848 4810 quam

3562 4837 3866 4891 mentem
