4188 5670
921 323 1070 408 276
1767 309 3101 387 Pantec‘rroxnnn

1914 676 2659 797 CAPUT
2838 704 3054 794 lx.

944 968 955 973 -
1034 910 1516 995 Occurritur
1542 907 1774 1026 ορᾷεέἕ.
1791 896 1908 994 on}
1932 967 1954 1005 ,
2013 911 2204 1018 qeod
2223 915 2374 1103 {fis
2414 934 2516 1136 1}
2530 907 2669 992 hac
2729 920 2908 995 vita
2932 900 3124 1021 Jc'epe
3163 905 3350 987 male
3411 901 3510 998 ὁ·
3569 908 3770 990 malis

950 1064 961 1071 ·
2023 1062 2032 1073 ’
2278 1052 2402 1106 ene
2481 1042 2571 1111 rt,

1118 1267 1250 1343 Uia
1293 1289 1457 1338 ¹vero
1509 1265 1683 1339 athei
1728 1267 2059 1360 praecipue
2131 1263 2536 1358 triumphare
2588 1260 2896 1334 videntur
2951 1258 3019 1331 in
3067 1234 3196 1333 hoc
3223 1311 3243 1342 ‚
3311 1263 3499 1354 quod
3533 1263 3717 1336 Deus
3750 1280 3870 1328 ma·

929 1258 1119 1539 ῼ
1189 1366 1370 1437 xima
1418 1362 1646 1436 seelera
1689 1388 1827 1437 non
1881 1362 2132 1458 semper
2185 1367 2254 1436 in
2305 1365 2426 1436 hac
2464 1361 2605 1434 vita
2636 1380 2878 1456 punit,
2913 1360 2978 1431 ἃ
3016 1386 3100 1433 ne
3136 1357 3526 1433 atheismum
3571 1355 3869 1455 quidem3

929 1464 993 1636 ga
1051 1465 1270 1634 ,ιζ-ἒξ
1323 1463 1392 1532 in
1450 1487 1527 1535 ea
1590 1459 1783 1536 bonis
1842 1463 2014 1537 male
2062 1465 2133 1537 &
2173 1462 2367 1536 malis
2413 1455 2581 1533 bene
2631 1460 2768 1546 est,·
2820 1458 3180 1534 videndmn
3206 1509 3231 1549 ‚
3285 1460 3447 1554 quid
3497 1461 3602 1533 hic
3627 1452 3869 1551 respon-

980 1591 1070 1637 en
1255 1579 1378 1632 eat.
3714 1579 3721 1584 .

1132 1701 1359 1773 Primo
1407 1696 1720 1793 quidem,
1749 1699 1976 1775 Deum
2023 1701 2255 1777 scelera
2305 1703 2374 1775 iu
2420 1703 2543 1776 hec
2592 1724 2860 1796 quoque
2913 1702 3051 1775 vita
3106 1703 3375 1795 punire,
3409 1690 3765 1775 innumeris
3811 1724 3866 1770 e·

927 1799 1203 1897 :templis
1255 1796 1523 1893 probari
1570 1798 1824 1892 potestJ
1877 1828 2031 1897 quae
2082 1801 2231 1876 sane
2280 1827 2419 1873 non
2472 1800 2703 1876 omnia
2758 1799 2931 1873 casui
2982 1800 3247 1895 poffunt
3295 1794 3590 1873 adscribi.
3683 1796 3863 1888 Qod

927 1926 1095 1975 vero
1151 1899 1219 1973 id
1267 1923 1403 1970 non
1435 1897 1685 1993 semper
1714 1898 2107 1976 observetur
2139 1953 2163 1989 ,
2212 1900 2404 1993 hujus
2436 1900 2676 1974 multas
2701 1900 2926 1987 Dem,
2976 1926 3090 1989 ens
3126 1898 3285 1972 illud
3326 1896 3859 1995 sapientiffimum‚

910 2091 916 2097 ἡ
929 1997 1144 2099 potest
1186 1993 1426 2069 habere
1472 1998 1773 2070 rationes.
1891 2025 1948 2074 1.
1996 2003 2093 2075 Ut
2139 1995 2436 2075 homines
2479 2002 2561 2077 ad
2603 2002 2918 2075 virtutem
2966 1995 3259 2071 ferantur
3282 2051 3301 2083 ,
3357 2024 3492 2071 non
3539 1998 3676 2072 solo
3749 2022 3863 2069 me-

933 2119 1010 2173 tu
1065 2094 1395 2192 praesentis
1441 2121 1660 2190 poenae
1686 2146 1710 2182 ,
1761 2094 1868 2171 sed
1903 2096 2038 2193 ipso
2097 2101 2362 2172 virtutis
2427 2124 2675 2173 amore.
2766 2100 2943 2172 Hinc
2985 2096 3076 2170 est
3141 2096 3321 2192 quod
3385 2100 3564 2171 Deus
3614 2118 3851 2193 poennm

936 2192 1281 2270 sceleribus
1325 2219 1462 2266 non
1504 2194 1733 2267 statim
1769 2195 2003 2293 infligit
2028 2250 2050 2285 ‚
2094 2202 2160 2271 &
2210 2201 2534 2271 virtutem
2587 2225 2726 2274 non
2767 2190 2984 2283 statim
3028 2219 3502 2271 remuneratur.
3600 2218 3668 2273 2.
3712 2195 3861 2286 Qia

928 2296 1214 2395 ‘dignitas
1256 2294 1488 2367 aeterni
1526 2296 1781 2389 praemii
1837 2315 2022 2369 tanta
2081 2296 2173 2368 est
2212 2348 2236 2385 ‚
2298 2318 2372 2369 ut
2424 2295 2687 2369 abunde
2755 2292 3040 2369 sufficiat
3075 2347 3095 2377 ‚
3167 2292 3217 2367 fi
3292 2294 3458 2368 bene
3524 2293 3851 2370 confidere-

940 2417 1088 2484 tur,
1136 2395 1218 2465 ad
1258 2392 1515 2465 nostros
1562 2386 1833 2465 affectus
1882 2392 1981 2466 sui
2052 2419 2285 2467 amore
2329 2394 2834 2468 inflammandos
2862 2445 2885 2482 ,
2937 2394 3187 2491 nosque
3242 2394 3323 2466 ad
3368 2418 3636 2468 omnem
3679 2396 3858 2468 virtu·

939 2496 1077 2569 tem
1111 2496 1175 2565 ἃ
1206 2490 1612 2567 sanctitatem
1658 2494 2054 2566 excitando&
2132 2495 2273 2581 Qui
2323 2495 2451 2567 hoc
2507 2494 2784 2589 praemio
2830 2518 2967 2566 non
3001 2517 3360 2567 moventur
3384 2546 3407 2581 ,
3440 2494 3679 2590 indigni
3705 2493 3853 2576 sunt,

935 2616 1015 2668 ut
1058 2595 1244 2680 aliis,
1306 2592 1502 2685 longe
1550 2588 1964 2680 minoribuS‚
2006 2592 2088 2665 ad
2147 2594 2459 2688 pietatem
2510 2595 2895 2666 excitentur.
3001 2614 3062 2683 3.
3129 2588 3392 2668 AEterna
3445 2619 3698 2688 quoque
3729 2590 3860 2686 sup-

935 2693 1129 2791 plicia
1179 2689 1445 2769 abunde
1482 2685 1872 2779 sufficiunt,
1932 2690 2015 2765 ad
2067 2694 2420 2764 hominum
2467 2693 2721 2765 animos
2779 2688 2868 2764 ab
2913 2689 3521 2789 omnibusflagitiis
3560 2694 3855 2765 deterren-

935 2794 1073 2866 doS.
1172 2791 1369 2866 Unde
1412 2785 1664 2866 etiamfi
1728 2791 1915 2865 Deus
1978 2817 2117 2865 non
2184 2790 2518 2887 castigaret
2580 2790 2886 2865 homines
2965 2793 3037 2864 in
3089 2791 3209 2864 hac
3277 2793 3415 2866 vita
3450 2845 3475 2880 ‚
3551 2818 3682 2866 non
3725 2791 3855 2865 ideo

937 2892 1077 2981 ejus
1132 2889 1549 2964 Providentia
1592 2886 1797 2963 ceffat.
1936 2887 2195 2968 Sufficit
2244 2894 2421 2966 enim
2467 2942 2491 2979 ‚
2569 2910 2646 2964 ut
2694 2891 3049 2987 promittat
3092 2893 3414 2986 praemia,
3465 2892 3530 2965 ἃ.
3604 2893 3857 2970 minetur

934 2985 1247 3084 supplicia
1295 2989 1364 3060 in
1420 2986 1742 3060 futurum.
3059 3009 3072 3016 ·
3177 2995 3186 3002 ’

1125 3149 1331 3222 Porro
1379 3144 1431 3219 si
1468 3172 1591 3242 pro
1643 3145 1887 3218 meritis
1935 3143 2119 3216 Deus
2170 3140 2479 3235 prestaret
2521 3138 2771 3236 flagitia
2809 3144 2879 3215 in
2924 3143 3047 3216 hac
3083 3145 3275 3226 vita3
3326 3143 3396 3216 in
3459 3146 3585 3216 hac
3623 3165 3864 3235 eorrup-

936 3256 1118 3328 tione
1169 3247 1450 3322 mundus
1503 3246 1640 3339 jam
1689 3244 1950 3317 dudum
1997 3238 2211 3313 fuiffet
2255 3239 2621 3314 exhaustum
2724 3243 2920 3315 Unde
2978 3239 3338 3339 'pauciffimi
3381 3240 3578 3315 effent
3627 3240 3867 3335 pietatis

939 3352 1218 3426 cultores
1253 3401 1276 3436 ‚
1334 3350 1399 3421 &
1435 3345 1747 3420 sceleratis
1777 3343 1989 3416 aditus
2026 3342 2110 3414 ad
2144 3337 2644 3440 refipiscentiam
2698 3343 2915 3414 nullus
2972 3340 3140 3416 efflet.
3238 3343 3327 3415 Et
3370 3344 3494 3414 hoc
3519 3338 3613 3412 est
3631 3389 3655 3426 ‚
3706 3337 3871 3411 arbi-

936 3475 1126 3538 tter,
1154 3449 1313 3523 illud
1342 3500 1366 3537 ,
1447 3446 1627 3541 quod
1690 3444 1950 3518 divinus
2016 3439 2253 3513 Psaltes
2313 3440 2505 3513 nobis
2556 3439 2648 3513 ob
2700 3442 2925 3514 oculos
2993 3466 3237 3536 ponere
3285 3442 3428 3513 vult
3455 3490 3479 3527 ,
3520 3463 3679 3511 cum
3720 3439 3812 3511 ait
3857 3462 3876 3503 ··

558 3558 637 3624 Ps-
647 3552 882 3618 CXXX
939 3557 1009 3635 Si
1026 3557 1384 3649 iniquitates
1429 3545 1838 3637 observaveris
1861 3595 1883 3631 ‚
1929 3551 1960 3614 ὂ
2013 3540 2247 3633 Jebova
2282 3542 2297 3611 !
2349 3547 2609 3614 Domine
2634 3592 2657 3629 ,
2712 3544 2847 3641 quis
2875 3538 3074 3634 stabit
3107 3538 3141 3611 ἲ
3209 3542 3252 3611 i.
3290 3565 3345 3611 e.
3396 3541 3541 3634 quis
3579 3535 3865 3635 superstes

559 3636 709 3704 00¹¹f·
810 3636 891 3699 Ps-
939 3645 1412 3739 relinqueretur
1448 3648 1516 3717 in
1566 3666 1764 3723 terra3
1819 3647 1968 3740 quia
2023 3658 2227 3711 tecum
2279 3643 2357 3734 est
2407 3647 2589 3712 venia
2629 3657 2754 3725 sut
2791 3640 3116 3719 timearis3
3167 3637 3213 3712 i.
3260 3663 3319 3710 e-
3355 3637 3463 3711 sed
3513 3665 3658 3712 non
3702 3653 3869 3711 tanta

631 3717 681 3780 V
712 3713 755 3779 L
945 3742 1284 3820 severitate
1341 3748 1409 3817 in
1453 3744 1751 3815 homines
1800 3738 2265 3810 animadvertis
2294 3789 2316 3824 ‚
2376 3756 2453 3809 ut
2492 3734 2620 3811 fint
2660 3737 2873 3811 adhuc
2913 3737 3159 3832 aliqui,
3213 3741 3330 3833 qui
3367 3758 3436 3813 te
3493 3739 3730 3814 colant.

1144 3890 1328 3961 Adde
1373 3886 1554 3979 quod
1604 3909 1717 3978 per
1756 3883 2141 3974 iniquorum
2170 3929 2195 3967 ‚
2237 3882 2348 3952 diu
2376 3884 2442 3952 in
2490 3883 2610 3954 hac
2648 3903 2818 3957 terra
2866 3881 3197 3971 felicium,
3247 3883 3565 3958 malitiam
3591 3934 3617 3972 ,
3642 3881 3866 3956 excita-

944 4007 1106 4075 tur,
1154 3986 1541 4069 illustratur,
1587 3986 1653 4053 &
1704 3979 2023 4074 probatur
2068 3979 2276 4049 virtus
2307 3979 2573 4069 piorum
2598 4031 2620 4066 ‚
2655 4006 2941 4075 quorum
2985 3985 3215 4054 virtuti
3259 3986 3531 4057 materia
3584 3986 3676 4056 ita
3705 4003 3865 4076 prae·

940 4087 1164 4160 beau.
1268 4082 1459 4156 Tolle
1511 4099 1875 4171 tyrannos3
1922 4075 2108 4150 tolles
2147 4096 2519 4169 martyrem
2572 4081 2759 4153 tolles
2819 4104 3048 4154 eorum
3110 4083 3541 4177 patientiam,
3590 4078 3870 4155 mansue-

802 4245 817 4252 ,
942 4185 1248 4260 tudinem
1272 4233 1293 4267 ,
1319 4177 1746 4252 constantiam
1780 4229 1804 4265 ‚
1849 4175 2326 4251 fortitudinem.
2449 4173 2715 4251 Infinita
2754 4179 2925 4274 seges
2971 4177 3308 4253 bonorum
3347 4182 3554 4255 deerit
3598 4185 3669 4254 in
3691 4201 3873 4255 mun·

954 4285 1069 4370 dc,
1102 4279 1149 4353 fi
1194 4283 1378 4354 Deus
1405 4278 1607 4349 malos
1655 4275 1906 4373 semper
1948 4325 1973 4364 ,
2019 4295 2098 4349 ut
2150 4296 2480 4349 merentur
2511 4327 2535 4363 ‚
2578 4278 2647 4348 in
2666 4279 2787 4350 hac
2832 4279 2967 4350 vita
3014 4299 3360 4355 coerceret.
3464 4281 3651 4370 Quid
3700 4275 3871 4374 quod

957 4385 1077 4455 hac
1122 4382 1364 4453 malitia
1410 4376 1871 4470 improborum
1912 4377 2098 4450 Deus
2150 4377 2398 4461 utitur,
2457 4376 2542 4448 ad
2592 4394 2853 4468 peccata
2921 4376 3226 4454 Ecclefiae
3280 4377 3416 4452 suae
3469 4378 3800 4474 punienda
3846 4422 3869 4461 ,

959 4481 1139 4577 quod
1188 4482 1275 4552 illi
1321 4474 1729 4552 utiliffimum
1785 4475 1891 4549 est.
1996 4475 2208 4567 Cujus
2247 4473 2338 4550 rei
2371 4474 2746 4567 exemplum
2793 4470 3110 4550 habemus
3151 4479 3219 4551 in
3263 4480 3613 4552 Cananaeis
3658 4498 3869 4572 popu·

958 4583 1033 4654 lis
1068 4632 1090 4668 ‚
1166 4579 1427 4672 aliisque
1501 4577 1760 4672 Judaeae
1803 4574 2102 4648 finitimis
2141 4601 2161 4652 ;
2253 4574 2412 4644 item
2478 4574 2547 4643 in
2592 4570 2852 4664 Affyriis
2878 4624 2900 4659 ‚
2938 4577 3262 4650 Chaldaeis
3289 4629 3311 4663 ‚
3355 4575 3559 4652 Perfis
3584 4628 3608 4664 ‚
3633 4577 3875 4670 AEgyp·

934 4682 1106 4767 tiis,
1164 4681 1413 4754 Graecis
1438 4729 1461 4765 ‚
1506 4677 1822 4758 Romanis
1843 4726 1867 4764 ‚
1915 4676 2030 4771 qui
2065 4672 2297 4767 populi
2335 4671 2690 4745 identidem
2736 4669 3008 4747 filerunt
3051 4673 3353 4749 Ecclefiae
3397 4679 3730 4769 peccantis
3767 4673 3874 4745 fla-

2226 4802 2234 4809 ·
3595 4775 3869 4868 gellam.
