4188 5670
1108 286 1903 360 Part-osonum
1996 281 2537 361 Pan-uus
3148 303 3283 381 189

2276 414 2341 449 s
2662 430 2665 437 .

383 472 525 546 IX.
576 470 775 547 Dms
799 469 890 545 est
912 467 1349 555 individuum,
1381 460 1569 562 quod
1584 464 1665 538 d'e
1687 459 1986 559 pluribus
2026 462 2365 558 praedicari
2386 463 2618 571 potesp
2954 534 2961 541 .

381 572 495 644 Χ..
529 571 907 644 Animalitas
930 595 1069 644 non
1097 572 1319 642 minus
1343 565 1434 640 est
1456 558 1820 638 differentia
1851 562 2138 635 hominis
2157 614 2183 649 ,
2223 562 2423 656 quam
2447 562 2875 639 rationalitas.

381 671 453 742 X
473 670 525 742 1.
575 667 879 744 Absurda
908 667 1000 742 est
1024 665 1396 761 Philosophi
1425 663 1767 758 cujusdam
1795 661 2098 735 moderni
2127 659 2444 734 sententia
2470 660 2807 735 statuentis
2831 716 2857 751 ,
2884 666 3189 750 judicimn
3217 680 3311 742 m·-

415 794 420 799 ·
481 767 573 840 hil
585 769 763 841 aliud
780 765 890 864 effe
915 819 939 856 ‚
990 771 1180 868 quim
1231 763 1695 858 compofitionem
1748 760 2182 850 divisionemve
2231 767 2543 833 nominum
2581 779 2690 851 per
2733 763 2996 837 verbum
3028 787 3157 840 EST
3195 788 3312 842 aut

473 888 632 941 NON
658 888 806 942 EST.
845 922 850 929 .
943 868 1030 940 Et
1079 866 1383 961 quamvis
1434 887 1513 937 ea
1541 860 1714 937 forte
1764 856 2156 953 negligenda
2219 858 2431 932 videri
2474 855 2724 954 poffit3
2763 863 2946 936 viam
2977 884 3201 938 tamen
3228 867 3315 939 ad

484 965 974 1061 Scepticismum
999 968 1064 1039 ἃ
1090 965 1508 1040 Atheismum
1542 959 1786 1033 sternit.
2858 1006 2865 1013 .

380 1064 457 1136 X
483 1062 579 1137 11.
641 1067 708 1140 Si
753 1065 898 1159 quis
938 1062 1019 1137 de
1067 1060 1261 1137 rebus
1307 1057 1619 1135 omnibus
1643 1060 1820 1130 reete
1847 1056 2135 1148 judicare
2193 1057 2377 1152 cupit
2400 1085 2426 1139 ,-
2463 1056 2796 1143 lubentius
2842 1063 2994 1137 huic
3029 1060 3319 1145 consule-

495 1187 636 1236 rem
655 1215 680 1252 ‚
712 1187 867 1235 cum
891 1163 1095 1236 Paulo
1119 1212 1145 1250 ‚
1176 1182 1256 1234 ut
1289 1166 1490 1234 omnia
1514 1157 1767 1252 probet3
1797 1156 1996 1248 quam
2021 1180 2180 1229 eum
2217 1152 2534 1243 Can-telio,
2568 1173 2647 1229 ut
2665 1157 2742 1230 de
2780 1160 3053 1235 omnibus
3076 1162 3319 1236 dubitet

381 1261 618 1336 XIII.
670 1265 1076 1386 Quanquam
1122 1285 1262 1381 non
1290 1260 1363 1382 in
1404 1253 1715 1332 omnibus
1766 1252 2054 1346 rejiciam
2078 1253 2240 1327 illud
2275 1253 2630 1330 Eustathii:
2671 1259 2742 1336 ὥς
2773 1258 3050 1357 ἐυποςίας
3097 1288 3320 1347 ymen·

381 1460 456 1533 X
471 1392 605 1531 IIJ'.
624 1358 1540 1544 Ἑῗηέιαξιηέκῖιξέᾙιέίαίῖ
1563 1449 1850 1527 seorsum
1889 1415 2328 1528 consideretur
2367 1471 2553 1528 extra
2583 1453 2896 1528 sermonis
2945 1452 3203 1542 seriem3
3243 1479 3321 1528 ua

487 1554 786 1630 niversali
807 1556 1060 1658 semper
1082 1554 1445 1652 respondet.
1935 1564 1940 1571 ’

386 1654 549 1730 XV.
596 1657 959 1750 Singularis
1017 1657 1246 1729 itidem
1296 1651 1673 1729 universalis
1718 1651 1940 1748 potius
1983 1654 2189 1744 quam
2242 1652 2642 1745 particularis
2686 1651 2833 1724 vim
2888 1646 3133 1738 habet,
3170 1675 3329 1744 qua·

369 1841 376 1845 .
490 1779 561 1826 re
585 1804 609 1841 ‚
665 1774 743 1827 ut
785 1754 1138 1853 syllogismi
1163 1751 1546 1850 expofitorii
1585 1754 1667 1824 ad
1696 1752 1931 1824 modos
1956 1747 2349 1825 universales
2391 1748 2753 1826 referantur
2795 1798 2821 1836 ‚
2848 1746 3334 1843 propositiones

364 1863 373 1872 ‘
475 1848 828 1946 fingulares
874 1881 997 1948 pro
1023 1852 1501 1926 universalibus
1539 1848 1868 1923 habendae
1895 1845 2065 1921 sunt.
2876 1870 2883 1876 ·

383 1948 626 2043 XVI.
674 1948 876 2025 Error
917 1953 1009 2027 est
1053 1952 1124 2025 in
1160 1952 1492 2024 intellectu
1533 1947 1713 2028 solos
1760 1948 1982 2042 estque
2031 1949 2102 2021 in
2188 1946 2532 2021 voluntate
2594 1942 2776 2029 sola;
2838 1947 3061 2042 estque
3140 1951 3206 2022 δι
3260 1948 3333 2021 in

497 2046 835 2119 intellectu
881 2051 947 2121 &
1006 2052 1076 2123 in
1132 2048 1523 2128 voluntate3
1574 2045 1792 2140 estque
1837 2072 1962 2123 nec
2001 2048 2074 2119 in
2127 2047 2456 2120 intellectu
2503 2073 2624 2120 nec
2681 2049 2752 2119 in
2802 2046 3170 2123 voluntate.

387 2144 672 2222 XVII.
733 2146 800 2219 Si
832 2146 903 2217 in
947 2172 1028 2221 eo
1080 2148 1327 2219 erravit
1366 2169 1568 2222 novae
1599 2144 1970 2223 Academiae
2014 2142 2247 2219 auctor
2290 2141 2642 2233 Arcesilas,
2693 2144 2874 2239 quod
2912 2146 3077 2218 nihil
3125 2149 3343 2220 omni-

491 2266 588 2313 no
634 2239 777 2313 sciri
824 2244 1003 2336 polle
1043 2246 1358 2327 credidit3
1385 2245 1475 2316 -in
1519 2268 1599 2314 eo
1652 2262 1825 2314 certe
1879 2240 2106 2318 errass'e
2151 2243 2461 2314 dicendus
2504 2266 2651 2319 non
2700 2243 2791 2317 est
2804 2295 2828 2332 ‚
2881 2243 3063 2339 quod
3090 2295 3118 2333 ‚
3177 2245 3337 2318 teste

387 2350 422 2403 s
491 2339 814 2411 Cicerone
848 2340 917 2411 in
960 2340 1363 2415 Academicis
1401 2338 1907 2435 quaestionibus,
1941 2343 2220 2421 docuit:
2284 2341 2566 2437 insignem
2606 2341 2716 2438 effi’
2751 2349 3157 2416 temeritatem
3194 2368 3338 2416 cum

488 2455 608 2510 aut
632 2437 804 2531 falfi‘
859 2457 976 2512 aut
1014 2448 1317 2536 incognita
1346 2467 1441 2513 res
1479 2438 1841 2532 approbatur
1863 2491 1888 2528 ‚
1938 2467 2130 2611 neZue
2166 2439 2272 2512 hoc
2291 2448 2623 2539 quicquam
2669 2439 2779 2535 ff
2822 2448 3064 2532 turpius
3086 2488 3112 2526 ‚
3145 2466 3337 2541 quam

397 2632 469 2704 X
487 2535 1783 2717 ggfflfmiqgffnigrczgtgnxffnfiolngn
1795 2559 2023 2729 ἃὲἕιζέ
2050 2556 2995 2732 αζζιῖἑωὲἒέὤζιΐιωῇῗὲἁίιιε
3060 2632 3346 2730 probare

497 2732 716 2805 voluit
739 2784 765 2820 ‚
819 2730 927 2805 sed
959 2732 1111 2815 θέσει
1141 2731 1338 2807 rebus
1381 2735 1586 2807 indita
1634 2731 1755 2803 effe
1808 2754 1994 2806 extra
2048 2727 2563 2804 controversiam
2608 2731 2718 2805 est.
2820 2734 2987 2807 Non
3020 2733 3222 2829 igitur
3270 2739 3343 2809 in

490 2857 564 2912 re
602 2831 733 2930 ipsa
778 2853 1003 2922 errat,
1048 2835 1162 2929 qui
1217 2835 1488 2918 nomina
1515 2854 1654 2912 non
1679 2824 1959 2917 definit,
2022 2852 2138 2909 ant
2168 2853 2515 2926 perperam
2550 2828 2815 2915 definit3
2863 2835 2929 2907 &
2972 2843 3196 2907 'tamen
3226 2861 3345 2910 no-

497 2931 681 3003 mina
705 2981 728 3017 ‚
792 2950 907 3003 aut
965 2957 1103 3005 non
1148 2926 1419 3012 definita
1460 2951 1577 3012 aut
1620 2927 1795 3002 male
1821 2927 2130 3026 definita,
2172 2925 2585 3011 infinitorum
2635 2958 2803 3029 pene
2833 2933 2904 3007 in
2956 2931 3153 3007 rebus
3193 2931 3349 3028 ipsis

493 3052 782 3104 errorem
838 3029 1040 3104 caussa
1079 3028 1248 3111 sunt,
1353 3105 1364 3118 ,
1497 3049 1502 3054 ·

413 3127 634 3200 XIX.
695 3126 930 3203 Sensus
978 3127 1218 3212 fallunt
1259 3129 1323 3202 δι
1368 3153 1510 3202 non
1545 3126 1797 3213 fallunt.
2270 3195 2280 3206 .

414 3224 592 3298 XX.
647 3223 914 3300 Frustra
949 3225 1012 3299 se
1040 3244 1355 3321 torquent
1391 3226 1639 3298 Ramus
1687 3230 1751 3299 &
1800 3229 2112 3302 Ramistae
2137 3276 2177 3320 „
2217 3245 2295 3301 ut
2334 3228 2563 3300 omnia
2613 3228 2679 3299 in
2716 3221 2894 3304 ,duas
2917 3246 3136 3320 partes
3182 3225 3348 3299 divi-

508 3323 668 3396 dant
690 3373 716 3411 ‚
767 3348 922 3397 cum
970 3325 1337 3415 vptae⁶÷oploe
1376 3347 1852 3415 nonnunquam
1890 3322 2303 3400 commodior
2342 3321 2445 3397 fit.
2589 3383 2593 3388 .
2832 3363 2843 3372 ³

410 3421 640 3494 XXI.
700 3424 902 3495 Recte
949 3421 1236 3494 Senecaz
1290 3421 1373 3494 Id
1410 3427 1559 3493 vitii
1609 3421 1790 3493 habet
1818 3428 2010 3494 nimia
2031 3472 2059 3510 ,
2121 3419 2295 3518 quod
2332 3421 2506 3493 nulla
2552 3418 2788 3512 divisio.
2879 3426 3093 3500 Simile
3112 3423 3351 3522 confusi

507 3521 589 3612 el}
674 3527 778 3594 uic
814 3520 928 3592 uid
951 3528 1018 3593 in
1065 3519 1378 3613 pulverem
1421 3517 1616 3617 affine
1647 3518 1887 3609 seaum
1938 3522 2036 3613 est.
2850 3559 2879 3594 ·.

408 3619 570 3695 XX
583 3545 692 3690 13.
823 3618 1196 3698 atiocinatio
1251 3620 1318 3693 δι
1369 3616 1697 3710 judicium
1755 3640 1894 3688 non
1946 3617 2099 3690 sunt
2147 3614 2528 3691 coordinata
2562 3613 2670 3691 fied
2718 3615 3157 3698 subordinata.

412 3716 728 3793 XXIII.
785 3716 1124 3808 Qaedam
1166 3714 1399 3788 scimus
1448 3711 1585 3789 fine
1616 3713 2041 3810 syllogismo:
2093 3716 2304 3788 multa
2347 3741 2477 3809 ope
2514 3713 2908 3814 syllogismi:
2956 3722 3354 3816 plurimata-

523 3840 678 3890 men
727 3817 833 3891 ille
873 3814 1036 3900 scit,
1092 3815 1208 3908 qui
1250 3814 1511 3887 nullum
1558 3838 1854 3906 unquam
1895 3811 2343 3908 syllogismum
2391 3813 2564 3888 fecit.

414 3915 728 3991 XXIV.
794 3909 1165 4008 syllogismi
1207 3911 1710 4007 hypothetici&
1753 3912 2123 4011 disjunctivi
2167 3912 2252 3987 ad
2294 3914 2641 3994 veritatem
2677 3913 3188 4017 investigandam
3233 3916 3358 4016 syl-

510 4011 797 4110 logismis
849 4005 1227 4106 categoricis
1268 4012 1548 4104 aptiores
1593 4010 1758 4083 sunt.
2934 4031 2943 4040 ·
3474 4034 3480 4038 ·

419 4109 684 4188 XXV.
754 4109 1158 4185 Inductionis
1204 4126 1428 4184 tamen
1470 4109 1796 4202 mamimus
1838 4111 2041 4184 etiam
2085 4107 2189 4181 est‘
2218 4110 2287 4183 in
2330 4109 2617 4203 Phyfieis
2675 4109 2846 4186 usus.
2951 4120 3179 4205 Quare
3223 4142 3372 4192 non

523 4209 697 4285 male
754 4203 1250 4304 sapientiflimus
1284 4207 1460 4280 Baco
1528 4254 1556 4293 ,
1622 4208 1791 4303 longa
1822 4209 2071 4282 demum
2092 4255 2119 4293 ‚
2180 4209 2273 4280 ait
2299 4259 2326 4296 ,
2352 4208 2474 4300 ⁸&¹
2523 4214 2714 4310 quim
2741 4214 2891 4303 fieri
2924 4221 3105 4308 potest
3150 4263 3177 4300 ,
3235 4235 3370 4304 per.

524 4307 858 4408 ffflffma
920 4312 1454 4399 experimentorum
1503 4304 1841 4381 indaelione
1863 4353 1889 4392 ,
1946 4329 2155 4378 rerum
2194 4308 2579 4381 naturalium
2606 4308 2941 4400 scientiam
2971 4311 3082 4405 ff
3150 4331 3375 4400 paron..

381 4500 393 4508 ’
445 4507 614 4583 ΧΧ
639 4501 785 4577 VI.
841 4504 1176 4597 Sapienter
1221 4502 1589 4576 Aristoteles
1627 4498 2102 4595 sophismatum
2149 4501 2595 4598 cognitionem
2637 4523 2794 4574 cum
2852 4503 2937 4574 ad
2972 4502 3099 4576 alia
3137 4497 3377 4574 utilem

644 4602 1019 4699 Werenfellii
1077 4599 1373 4695 opuscula
1413 4602 1613 4676 Tom.
1649 4599 1762 4676 11.
2460 4603 2514 4672 B
2561 4598 2611 4672 b
2932 4687 2937 4692 .
3257 4594 3382 4668 effe
