4188 5670
2387 12 2429 67 χ
2529 87 2533 94 .

1227 195 1979 319 Ἐιιυοιτζοιι
2059 218 2268 302 CM».⁴
2366 228 2461 303 X.
3136 261 3266 328 111

360 408 407 485 fi
452 406 764 506 quadam
800 425 1226 504 excerpamus
1249 403 1336 480 a'd
1358 428 1624 503 mptum
1666 433 2030 504 puerorum
2078 403 2580 498 accommodata
2613 460 2639 502 ,
2678 436 2774 507 ¹ut
2822 419 2922 492 his
2992 437 3249 504 mature

358 508 739 584 imbuantur
784 551 805 580 ³
863 532 1005 581 non
1047 504 1279 579 inutile
1318 504 1388 579 id
1447 510 1572 601 erit
1622 537 1644 579 .-
1700 504 1798 580 sm
1842 510 1956 583 has
2007 531 2179 586 artes
2235 511 2516 605 integras
2558 513 2718 587 huic
2778 519 2967 592 aetati
3014 519 3269 592 tradere

281 607 759 686 ',voluerimus.
801 654 828 692 ,
883 601 1288 680 veriffimum
1362 606 1770 680 inveniemus
1833 607 1993 681 illud
2054 608 2418 681 Verulamii
2449 658 2474 696 ‚
2523 636 2624 683 eas
2642 616 3119 704 ‘proveffimboe
3139 644 3270 690 ma-
3326 619 3498 681 Verba
3516 621 3621 678 νεε

348 709 435 805 gir
465 756 494 793 ‚
529 728 719 804 qucum
752 706 951 796 pueris
1012 701 1106 789 ἓξ
1138 704 1426 782 tironibus
1471 712 1829 778 convenire:
1883 713 2164 805 Logicam
2222 704 2314 792 ἓξ
2366 707 2738 798 Κῦεεωῆεαυι
2781 710 2889 815 effi?
2933 740 3011 787 ex
3052 714 3284 787 mibm
3327 704 3557 763 ’'dm“

347 802 713 900 gravzffimis
733 830 763 885 ,-
820 827 962 875 cum
1012 800 1142 891 fint
1194 820 1360 875 artes
1405 804 1642 875 artium
1669 832 1707 885 3
1756 804 1952 877 altera
2012 805 2102 877 ad
2132 805 2449 893 judicium
2493 853 2515 885 ‚
2574 809 2770 880 altera
2827 811 2919 883 ad
2965 809 3217 884 orriatu'
3250 863 3268 881 .
3328 785 3405 880 ⁶⁸.
3419 799 3606 861 ‘⁰3¹⁰‘

357 903 483 975 Hic
527 898 578 972 fi
615 899 828 973 multa
873 897 1208 972 discuntur
1236 949 1262 986 ‚
1310 900 1469 994 quid
1519 900 1695 972 aliud
1745 924 1945 994 quam
1993 901 2200 975 verba
2249 901 2579 977 discuntur
2622 906 2656 976 ἲ
2704 909 2946 1005 Logioe
2984 907 3130 982 sane
3153 927 3274 982 aut
3299 858 3564 1026 ,ξ’ἷζι
3588 875 3649 923 ²⁹

357 999 703 1073 Rhetorica
752 1000 824 1069 in
879 1023 997 1073 ore
1050 999 1373 1071 recitantis
1388 1049 1414 1086 ‚
1468 999 1576 1070 cui
1619 999 1801 1071 nulla
1840 997 2186 1096 respondet
2218 1003 2287 1072 in
2316 1002 2673 1092 intellectu,
2734 1005 2992 1083 definiri
3016 1007 3227 1103 potest
3250 1056 3278 1095 ‚
3373 991 3387 1007 ⁹

287 1139 290 1144 ⁴
360 1115 433 1171 ut
495 1097 679 1171 Echo
737 1098 915 1189 apud
967 1095 1336 1171 Ausonium
1382 1123 1406 1166 ε

335 1231 366 1256 ”
743 1333 750 1340 ἢ
887 1251 916 1301 ·'
939 1221 1115 1315 Aera
1179 1237 1272 1327 &²
1320 1243 1575 1337 Lingua
1615 1288 1644 1301 -
1702 1288 1732 1301 -
1775 1242 1916 1337 filia
1951 1291 1976 1320 ‚
2028 1210 2228 1313 mater
2266 1239 2459 1312 inam}

797 1349 806 1354 “
947 1338 1177 1414 Indicit·
1207 1388 1233 1426 ,
1294 1363 1500 1416 vocem
1538 1363 1679 1437 quae
1706 1337 1842 1429 sine
1885 1357 2082 1411 mente
2116 1346 2300 1435 gerit.

549 1487 692 1577 Qi
741 1487 833 1559 ita
862 1479 1111 1556 artibus
1139 1477 1382 1556 imbuti
1421 1480 1572 1556 sunt
1596 1534 1621 1569 ‚
1659 1507 1814 1554 cum
1856 1478 2187 1576 disputant
2222 1530 2247 1569 ‚
2288 1505 2428 1553 non
2466 1477 2586 1554 nisi
2628 1477 2730 1555 de'
2758 1480 2975 1557 verbis
3007 1484 3293 1582 dispum.⁴

357 1612 425 1661 re
468 1584 731 1684 pofl'unt
751 1601 772 1643 t
803 1585 870 1655 &
918 1584 1233 1676 quoniam
1259 1589 1549 1654 ter-‘minos
1575 1573 1812 1652 artium
1839 1630 1864 1667 ‚
1922 1579 2128 1674 vulgo
2172 1579 2524 1652 hominum
2568 1580 2897 1653 inauditos
2923 1635 2945 1670 ‚
2997 1609 3126 1677 qua
3180 1586 3290 1658 da-

253 1680 270 1698 “
357 1703 425 1757 ta
478 1679 824 1758 occasione
854 1730 877 1767 ,
951 1681 1235 1752 orationi
1267 1677 1615 1752 inserentes
1643 1728 1667 1764 ,
1714 1678 2026 1772 imperitis
2072 1675 2490 1748 admirationi
2533 1674 2684 1748 sunt
2705 1707 2731 1761 ‚-
2780 1684 3019 1772 quovis
3064 1684 3295 1781 pigno-

355 1807 427 1854 re
496 1780 967 1855 contenderent
992 1826 1016 1863 ‚
1077 1776 1142 1849 se
1190 1778 1344 1850 artis
1387 1772 1893 1849 reconditiffima
1951 1794 2175 1848 tenere
2210 1802 2233 1854 3
2305 1798 2587 1868 cumque
2648 1800 2771 1869 pro
2837 1777 3113 1852 vocibus
3166 1780 3293 1852 suis

353 1900 651 1975 pugnant
678 1925 704 1967 ,
776 1878 1114 1969 jurarent,
1162 1873 1227 1947 se
1274 1900 1398 1967 pro
1445 1875 1571 1948 aris
1614 1898 1689 1945 ac
1737 1872 1904 1946 focis
1953 1895 2270 1967 pugnare.
2580 1875 2596 1881 “

553 2023 711 2095 Hoc
849 2041 1028 2112 oque
1043 2066 1067 2103 ,
1119 2013 1168 2088 fi
1224 2016 1533 2112 dtfiipulos
1598 2015 1894 2109 adversus
1937 2016 2361 2115 Logomachias
2408 2022 2653 2091 munire
2679 2019 2968 2092 volumus
2989 2060 3024 2108 ‚¹
3074 2018 3290 2094 obser·
3332 2035 3617 2124 Discipuli*
3664 1989 3676 1996 -

353 2118 659 2193 vandum
681 2143 773 2200 no
825 2119 875 2187 is
910 2138 1299 2211 magnopere
1340 2116 1431 2190 est
1446 2165 1468 2197 ,
1543 2142 1620 2189 ne
1669 2118 1795 2189 illos
1831 2122 1897 2188 in
1950 2136 2160 2189 tenera
2213 2131 2396 2187 aetate
2441 2113 2625 2188 nimis
2680 2116 3141 2212 qff'ucfizciamus
3152 2119 3293 2211 stu-
3339 2121 3398 2174 in
3426 2136 3614 2182 tenera

349 2219 456 2292 dio
504 2213 973 2290 contradicendi.
1077 2214 1170 2286 Ut
1206 2217 1387 2287 enim
1422 2218 1540 2289 vix
1582 2211 1727 2302 fieri
1750 2213 1965 2309 potest
1996 2264 2023 2301 ‚
2060 2212 2222 2306 quin
2271 2212 2604 2284 interdum
2658 2217 3060 2290 mentiantur
3090 2268 3115 2305 ‚
3175 2221 3290 2310 qui
3338 2216 3497 2299 ‘3⁴¹5
3518 2222 3626 2261 '¹⁰²⁸
3664 2205 3675 2214 ’

354 2314 606 2412 semper
658 2313 899 2386 volunt
949 2313 1172 2406 loqui:
1238 2316 1329 2385 ita
1373 2340 1512 2387 non
1560 2309 1822 2407 poffunt
1843 2364 1868 2400 ‚
1919 2315 2077 2406 quin
2123 2313 2193 2382 in
2260 2309 2730 2418 Logomachias
2775 2310 2946 2407 saepe
3002 2315 3293 2387 incidant
3321 2298 3504 2438 ἓξὲξ
3526 2282 3669 2426 4ae-

354 2413 441 2485 illi
468 2465 495 2502 ,
546 2409 789 2506 quibus
833 2410 1074 2504 volupe
1117 2410 1208 2482 est
1254 2414 1484 2484 omnia
1528 2412 1809 2483 aliorum
1858 2411 2030 2482 dicta
2060 2431 2464 2504 oppugnare.
2573 2409 2906 2497 Memini,
2958 2409 3138 2507 'saepe
3166 2413 3288 2483 mi.
3319 2386 3670 2517 stuss‘f'gj

356 2511 424 2583 hi
466 2509 812 2603 objectum
860 2505 980 2581 effic
1033 2509 1071 2578 ὲ
1130 2511 1352 2582 multis
1400 2537 1419 2579 ε
1465 2509 1784 2600 majorem
1823 2555 1848 2593 ,
1915 2532 2116 2602 quam
2169 2507 2238 2577 in
2295 2506 2432 2578 aliis
2455 2554 2481 2592 ,
2541 2508 3022 2580 contradicendi
3080 2512 3289 2604 pruri-
3329 2526 3655 2592 eradicandi.

341 2627 500 2702 ‘tum
542 2605 882 2682 obstrvari
929 2606 1003 2678 in
1044 2603 1237 2677 nobis
1288 2603 1600 2679 omnibus
1648 2657 1673 2693 ‚
1726 2608 1845 2699 qui
1892 2606 1959 2676 in
2016 2603 2263 2677 Scholis
2321 2619 2522 2695 atque
2577 2603 2940 2676 Academiis
3006 2607 3288 2680 adolevi-

363 2732 502 2778 mus
523 2757 552 2795 ,
598 2732 679 2781 ac
721 2702 939 2777 nescio
990 2728 1195 2798 quam
1251 2703 1619 2796 disputandi
1676 2700 2215 2773 consuetudinem
2239 2749 2265 2786 ,
2334 2713 2533 2792 quam
2603 2702 2674 2771 in
2726 2702 2957 2775 Schola
3023 2701 3287 2778 imbibi·
3332 2689 3594 2787 NJmfam

363 2829 508 2878 mus
531 2856 561 2893 ‚
608 2806 694 2878 ad
747 2804 965 2876 vitam
1012 2824 1282 2895 quoque
1350 2802 1606 2874 civilem
1640 2851 1664 2887 ,
1712 2797 2054 2871 familiaria
2097 2796 2430 2891 'colloquia
2460 2845 2485 2883 ‚
2534 2819 2612 2870 ac
2663 2800 3049 2891 quotidiana·
3083 2823 3282 2901 nego-
3326 2768 3650 2912 ἐξζζὟΨῶ

358 2905 452 2976 tia
487 2930 611 2977 nos
651 2895 935 2976 afferret
987 2901 1188 2994 idque
1240 2922 1366 2971 nos
1453 2900 1771 2993 lerunque
1805 2898 2094 2991 ingratos
2116 2947 2143 2984 ,
2194 2893 2500 2971 molestos
2546 2945 2572 2983 ‚
2623 2895 2794 2993 saepe
2821 2901 3017 2975 etiam
3048 2905 3281 2978 ridicu·
3366 2873 3653 3015 2432?

356 3001 459 3074 los
494 2999 727 3089 facere.
825 2998 917 3071 Et
939 3047 965 3085 ‚
1010 2994 1060 3069 fi
1102 3021 1337 3068 verum
1384 2926 1573 3070 (greti
1617 2996 1777 3070 volo
1817 3045 1846 3083 ‚
1896 2994 2288 3091 deprehendi
2325 2992 2494 3088 saepe
2519 2995 2586 3065 in
2626 3021 2734 3069 me
2768 3000 2834 3072 &
2881 3001 3017 3073 aliis
3038 3002 3284 3095 aliquid
3327 2950 3580 3078 uqaeoxuam.

359 3099 520 3169 huic
541 3146 572 3185 ,
608 3090 793 3192 wod
835 3094 1027 3168 nobis
1073 3094 1478 3209 exprobrant
1516 3095 1800 3169 illiterati
1826 3145 1852 3182 ,
1899 3095 2089 3167 valde
2145 3089 2346 3165 affine
2373 3123 2400 3177 ‚-
2449 3090 2675 3167 saltem
2723 3121 2849 3190 ego
2873 3145 2901 3185 ‚
2942 3092 3135 3170 nobis
3160 3099 3284 3168 hac
3472 3163 3479 3167 ,,

267 3214 280 3219 ·
356 3194 434 3268 in
465 3216 659 3292 parte
697 3276 706 3285 .
718 3190 976 3290 prorsus
1023 3192 1333 3287 injuriam
1372 3191 1515 3266 fieri
1528 3244 1555 3280 ‚
1593 3219 1734 3291 non
1778 3193 1970 3263 nimis
2013 3194 2385 3265 clamarem.
2476 3290 2481 3296 ⁴

551 3378 715 3468 Qo
755 3360 972 3469 magis
1018 3371 1377 3444 <ridendum
1422 3363 1615 3439 nobis
1655 3368 1748 3440 est
1784 3419 1810 3456 ‚
1857 3387 1938 3441 ut
1982 3344 2454 3463 ita-discipulos
2522 3373 2592 3445 in
2646 3365 3035 3461 disputando
3090 3375 3272 3445 exer:
3317 3382 3649 3523 &testrep

353 3499 628 3550 oeamus
663 3526 687 3562 ,
752 3492 834 3547 ut
891 3470 1143 3571 fluctus
1167 3519 1195 3556 ‚
1250 3469 1367 3563 qui
1425 3466 1494 3537 in
1544 3463 2092 3557 disputationibus
2143 3462 2477 3556 sperantur
2518 3518 2544 3556 ,
2603 3488 2738 3540 non
2793 3463 2920 3540 fint
2989 3471 3271 3545 minores
3366 3553 3377 3562 ⁸

283 3642 296 3647 -
348 3575 548 3648 malis
589 3576 658 3646 ἃ
701 3572 875 3644 vitiis
910 3618 936 3657 ,
986 3592 1139 3663 quae
1171 3591 1262 3637 ex
1298 3587 1528 3636 earum
1573 3560 1781 3633 abusu
1821 3564 2242 3657 proveniunt.
2363 3565 2631 3641 Discunt
2663 3563 2753 3634 in*
2779 3566 2855 3636 iis
2909 3568 3277 3643 adolescen-
3320 3546 3617 3650 &sm-st*-

346 3693 448 3746 tes
485 3676 632 3745 non
693 3670 974 3742 aliorum
1023 3684 1285 3738 tantum
1349 3660 1736 3735 sententiam
1803 3684 2183 3756 oppugnare
2229 3711 2257 3750 ,
2343 3661 2529 3738 suam
2597 3662 3095 3760 pertinaciffime
3162 3670 3272 3743 de-
3332 3722 3337 3727 -

337 3769 617 3844 ‘fondere
651 3796 673 3840 τ
702 3767 812 3840 sed
834 3769 901 3839 in
938 3765 1014 3837 iis
1034 3760 1279 3836 discant
1307 3762 1505 3834 etiam
1538 3761 1716 3854 aequi
1741 3757 1861 3833 efle
1885 3811 1911 3848 ‚
1938 3761 2256 3854 patientes
2279 3812 2305 3849 ,
2333 3763 2607 3836 modesti
2631 3815 2657 3852 ‚
2676 3764 2951 3852 attenti,
2985 3766 3222 3841 dociles
3248 3798 3272 3852 ς

336 3868 600 3942 discant
619 3867 820 3940 inillis
844 3864 1048 3936 etiam
1071 3860 1335 3934 veritati
1359 3856 1607 3945 cedere,
1659 3856 2044 3931 sententiam
2077 3859 2361 3932 aliorum
2382 3862 2608 3935 elicere
2633 3913 2659 3950 ‚
2688 3886 2843 3935 cum
2866 3860 2981 3935 sua
3011 3889 3275 3963 compa-

339 3992 493 4041 ·rare
527 4013 551 4049 ‚
594 3967 927 4061 optimam
968 3960 1222 4053 eligere.
1318 3956 1688 4028 Bonitatem
1739 3955 2191 4053 oppositionis.
2211 3983 2296 4031 ne
2345 3962 2691 4033 metiamur
2728 3979 3028 4056 tempore
3055 4015 3080 4051 ‚
3136 3992 3273 4061 quo

336 4068 494 4161 ‘quis
519 4079 1005 4160 argumentum
1041 4107 1064 4144 ,
1098 4058 1199 4128 uti
1226 4056 1584 4148 loquuntur
1602 4104 1628 4155 ².
1662 4054 1938 4140 urserit3
1969 4079 2051 4127 ne
2087 4054 2517 4131 adolescentes
2544 4060 2914 4133 existiment
2926 4111 2965 4150 .,
2999 4065 3274 4137 eandem

360 4162 842 4256 disputatorum
885 4158 1210 4230 racionem
1266 4151 1386 4224 effe
1409 4200 1434 4238 ,
1483 4176 1636 4244 quae
1671 4176 1904 4224 eorum
1930 4202 1953 4238 ,
2006 4153 2125 4245 qui
2163 4154 2290 4248 pila
2331 4154 2570 4229 ludunt
2625 4187 2651 4240 3
2690 4154 2807 4230 ubi
2826 4206 2871 4242 ‚.
2907 4161 3021 4250 qui
3038 4162 3274 4236 ultimo

367 4264 621 4336 eandem
645 4258 861 4356 pilam
882 4258 954 4327 in
979 4248 1312 4326 adversam
1338 4271 1591 4345 partem
1618 4268 1885 4345 torquet
1909 4300 1934 4338 ,
1980 4247 2395 4343 peritiflimus
2441 4251 2615 4325 lusor
2657 4253 2957 4326 habetur.
3322 4253 3330 4261 ’

540 4399 796 4492 Neque
819 4393 1023 4464 etiam
1049 4390 1117 4460 in
1145 4385 1577 4482 disputatione
1605 4389 1832 4461 omnia
1862 4405 2192 4482 ponantur
2220 4412 2241 4458 ε
2277 4392 2733 4486 excogitentur
2778 4394 2925 4466 aliae
2973 4391 3284 4468 studioso-

355 4494 570 4577 sorum
613 4482 1122 4571 exercitationes
1144 4537 1170 4577 ‚
1224 4485 1261 4558 ὲ
1309 4483 1548 4585 quibus
1605 4511 1746 4561 non
1783 4487 2035 4593 ,minus
2092 4484 2386 4561 utilitatis
2432 4488 2691 4582 capiant
2716 4540 2741 4579 ,
2801 4512 3083 4583 quaeque
3107 4488 3280 4598 ‘vitia

727 4630 736 4635 ·
1761 4612 1770 4617 ·
3002 4600 3011 4607 ·
3207 4604 3279 4648 m

3418 3464 3745 3525 eant·‘
