<?xml version="1.0" encoding="UTF-8"?>
<!DOCTYPE html PUBLIC "-//W3C//DTD XHTML 1.0 Transitional//EN"
    "http://www.w3.org/TR/xhtml1/DTD/xhtml1-transitional.dtd">
<html xmlns="http://www.w3.org/1999/xhtml" xml:lang="en" lang="en">
 <head>
  <title>
</title>
<meta http-equiv="Content-Type" content="text/html;charset=utf-8" />
  <meta name='ocr-system' content='tesseract 3.04.00' />
  <meta name='ocr-capabilities' content='ocr_page ocr_carea ocr_par ocr_line ocrx_word'/>
</head>
<body>
  <div class='ocr_page' id='page_1' title='image "./opusculatheolog00weregoog/opusculatheolog00weregoog_0114.png"; bbox 0 0 4188 5670; ppageno 0'>
   <div class='ocr_carea' id='block_1_1' title="bbox 904 325 3377 441">
    <p class='ocr_par' dir='ltr' id='par_1_1' title="bbox 904 325 3377 441">
     <span class='ocr_line' id='line_1_1' title="bbox 904 325 3377 441; baseline 0.001 -31"><span class='ocrx_word' id='word_1_1' title='bbox 904 325 1003 431; x_wconf 73' lang='lat'>7‘6</span> <span class='ocrx_word' id='word_1_2' title='bbox 1296 332 1956 411; x_wconf 68' lang='lat' dir='ltr'>D1ssen‘r.</span> <span class='ocrx_word' id='word_1_3' title='bbox 2079 353 2226 411; x_wconf 61' lang='lat' dir='ltr'>nx</span> <span class='ocrx_word' id='word_1_4' title='bbox 2348 326 3377 441; x_wconf 55' lang='lat' dir='ltr'>Looona&#39;e’nrl&#39;e</span> 
     </span>
    </p>
   </div>
   <div class='ocr_carea' id='block_1_2' title="bbox 535 505 3829 1001">
    <p class='ocr_par' dir='ltr' id='par_1_2' title="bbox 535 505 3829 1001">
     <span class='ocr_line' id='line_1_2' title="bbox 909 505 3829 610; baseline 0.004 -24"><span class='ocrx_word' id='word_1_5' title='bbox 909 505 1093 608; x_wconf 69' lang='lat' dir='ltr'>signa</span> <span class='ocrx_word' id='word_1_6' title='bbox 1137 511 1465 608; x_wconf 85' lang='lat' dir='ltr'>ambigua.</span> <span class='ocrx_word' id='word_1_7' title='bbox 1537 514 1636 587; x_wconf 91' lang='lat' dir='ltr'>Illi</span> <span class='ocrx_word' id='word_1_8' title='bbox 1694 533 1922 585; x_wconf 85' lang='lat' dir='ltr'>contra</span> <span class='ocrx_word' id='word_1_9' title='bbox 1944 561 1969 599; x_wconf 85' lang='lat'>‚</span> <span class='ocrx_word' id='word_1_10' title='bbox 2003 514 2119 605; x_wconf 60' lang='lat' dir='ltr'>qui</span> <span class='ocrx_word' id='word_1_11' title='bbox 2162 515 2325 585; x_wconf 84' lang='lat' dir='ltr'>haec·</span> <span class='ocrx_word' id='word_1_12' title='bbox 2364 509 2544 605; x_wconf 85' lang='lat' dir='ltr'>figna</span> <span class='ocrx_word' id='word_1_13' title='bbox 2595 535 2748 590; x_wconf 87' lang='lat' dir='ltr'>cum</span> <span class='ocrx_word' id='word_1_14' title='bbox 2795 511 2989 588; x_wconf 83' lang='lat' dir='ltr'>rebus</span> <span class='ocrx_word' id='word_1_15' title='bbox 3039 507 3408 610; x_wconf 76' lang='lat' dir='ltr'>significatis</span> <span class='ocrx_word' id='word_1_16' title='bbox 3458 535 3597 595; x_wconf 84' lang='lat' dir='ltr'>tam</span> <span class='ocrx_word' id='word_1_17' title='bbox 3625 518 3829 602; x_wconf 64' lang='lat' dir='ltr'>‘arelo</span> 
     </span>
     <span class='ocr_line' id='line_1_3' title="bbox 911 607 3825 706; baseline 0.003 -22"><span class='ocrx_word' id='word_1_18' title='bbox 911 611 1341 706; x_wconf 76' lang='lat' dir='ltr'>colligarunt,</span> <span class='ocrx_word' id='word_1_19' title='bbox 1394 615 1633 683; x_wconf 85' lang='lat' dir='ltr'>horum</span> <span class='ocrx_word' id='word_1_20' title='bbox 1678 611 1978 682; x_wconf 90' lang='lat' dir='ltr'>omnium</span> <span class='ocrx_word' id='word_1_21' title='bbox 2002 607 2235 697; x_wconf 86' lang='lat' dir='ltr'>obliti,</span> <span class='ocrx_word' id='word_1_22' title='bbox 2280 608 2490 681; x_wconf 87' lang='lat' dir='ltr'>nescio</span> <span class='ocrx_word' id='word_1_23' title='bbox 2518 635 2671 703; x_wconf 84' lang='lat' dir='ltr'>quae</span> <span class='ocrx_word' id='word_1_24' title='bbox 2730 611 2907 683; x_wconf 83' lang='lat' dir='ltr'>iniis</span> <span class='ocrx_word' id='word_1_25' title='bbox 2933 614 3235 706; x_wconf 88' lang='lat' dir='ltr'>mysteria</span> <span class='ocrx_word' id='word_1_26' title='bbox 3290 663 3310 694; x_wconf 92' lang='lat'>‚</span> <span class='ocrx_word' id='word_1_27' title='bbox 3356 615 3568 693; x_wconf 88' lang='lat' dir='ltr'>nescio</span> <span class='ocrx_word' id='word_1_28' title='bbox 3671 649 3825 699; x_wconf 87' lang='lat' dir='ltr'>uam</span> 
     </span>
     <span class='ocr_line' id='line_1_4' title="bbox 918 707 3827 813; baseline 0.002 -31"><span class='ocrx_word' id='word_1_29' title='bbox 918 735 1072 782; x_wconf 91' lang='lat' dir='ltr'>cum</span> <span class='ocrx_word' id='word_1_30' title='bbox 1120 707 1315 781; x_wconf 79' lang='lat' dir='ltr'>rebus</span> <span class='ocrx_word' id='word_1_31' title='bbox 1364 710 1890 782; x_wconf 81' lang='lat' dir='ltr'>convenientiam</span> <span class='ocrx_word' id='word_1_32' title='bbox 1935 728 2263 803; x_wconf 82' lang='lat' dir='ltr'>quaerunt.</span> <span class='ocrx_word' id='word_1_33' title='bbox 2369 709 2541 780; x_wconf 85' lang='lat' dir='ltr'>Haec</span> <span class='ocrx_word' id='word_1_34' title='bbox 2565 709 2704 800; x_wconf 85' lang='lat' dir='ltr'>jam</span> <span class='ocrx_word' id='word_1_35' title='bbox 2738 734 2871 780; x_wconf 92' lang='lat' dir='ltr'>non</span> <span class='ocrx_word' id='word_1_36' title='bbox 2927 718 3094 781; x_wconf 72' lang='grc' dir='ltr'><strong><em>θέσει</em></strong></span> <span class='ocrx_word' id='word_1_37' title='bbox 3124 710 3228 782; x_wconf 88' lang='lat' dir='ltr'>sed</span> <span class='ocrx_word' id='word_1_38' title='bbox 3253 712 3419 792; x_wconf 68' lang='grc' dir='ltr'><strong><em>φῦσαι</em></strong></span> <span class='ocrx_word' id='word_1_39' title='bbox 3462 712 3623 813; x_wconf 80' lang='lat' dir='ltr'>figni</span> <span class='ocrx_word' id='word_1_40' title='bbox 3675 742 3827 797; x_wconf 77' lang='lat' dir='ltr'>cant</span> 
     </span>
     <span class='ocr_line' id='line_1_5' title="bbox 917 801 3827 901; baseline 0.001 -22"><span class='ocrx_word' id='word_1_41' title='bbox 917 810 1045 879; x_wconf 89' lang='lat' dir='ltr'>hoc</span> <span class='ocrx_word' id='word_1_42' title='bbox 1070 859 1095 894; x_wconf 88' lang='lat'><em>‚</em></span> <span class='ocrx_word' id='word_1_43' title='bbox 1141 808 1317 900; x_wconf 88' lang='lat' dir='ltr'>quod</span> <span class='ocrx_word' id='word_1_44' title='bbox 1361 803 1722 901; x_wconf 71' lang='lat' dir='ltr'>significant</span> <span class='ocrx_word' id='word_1_45' title='bbox 1743 857 1767 893; x_wconf 89' lang='lat'>‚</span> <span class='ocrx_word' id='word_1_46' title='bbox 1814 825 2010 901; x_wconf 88' lang='lat' dir='ltr'>atque</span> <span class='ocrx_word' id='word_1_47' title='bbox 2063 807 2344 891; x_wconf 87' lang='lat' dir='ltr'>idcirco,</span> <span class='ocrx_word' id='word_1_48' title='bbox 2391 801 2509 875; x_wconf 83' lang='lat' dir='ltr'>nifi</span> <span class='ocrx_word' id='word_1_49' title='bbox 2567 827 2820 878; x_wconf 82' lang='lat' dir='ltr'>naturae</span> <span class='ocrx_word' id='word_1_50' title='bbox 2864 831 3084 878; x_wconf 90' lang='lat' dir='ltr'>rerum</span> <span class='ocrx_word' id='word_1_51' title='bbox 3128 829 3464 882; x_wconf 89' lang='lat' dir='ltr'>mutentur</span> <span class='ocrx_word' id='word_1_52' title='bbox 3508 866 3531 900; x_wconf 89' lang='lat'>‚</span> <span class='ocrx_word' id='word_1_53' title='bbox 3585 822 3827 893; x_wconf 73' lang='lat' dir='ltr'>mutari</span> 
     </span>
     <span class='ocr_line' id='line_1_6' title="bbox 535 900 3827 1001; baseline 0.002 -25"><span class='ocrx_word' id='word_1_54' title='bbox 535 901 812 965; x_wconf 56' lang='lat' dir='ltr'>Sententia</span> <span class='ocrx_word' id='word_1_55' title='bbox 918 917 1055 977; x_wconf 77' lang='lat' dir='ltr'>non</span> <span class='ocrx_word' id='word_1_56' title='bbox 1094 902 1370 998; x_wconf 78' lang='lat' dir='ltr'>poisunt.</span> <span class='ocrx_word' id='word_1_57' title='bbox 1451 908 1630 994; x_wconf 85' lang='lat' dir='ltr'>Qae</span> <span class='ocrx_word' id='word_1_58' title='bbox 1680 901 1875 997; x_wconf 84' lang='lat' dir='ltr'>ipfius</span> <span class='ocrx_word' id='word_1_59' title='bbox 1931 904 2214 977; x_wconf 81' lang='lat' dir='ltr'>Platonis</span> <span class='ocrx_word' id='word_1_60' title='bbox 2257 900 2569 975; x_wconf 88' lang='lat' dir='ltr'>sententia</span> <span class='ocrx_word' id='word_1_61' title='bbox 2612 901 2789 975; x_wconf 83' lang='lat' dir='ltr'>fuiffe</span> <span class='ocrx_word' id='word_1_62' title='bbox 2821 906 3076 975; x_wconf 87' lang='lat' dir='ltr'>videtur</span> <span class='ocrx_word' id='word_1_63' title='bbox 3124 934 3141 976; x_wconf 73' lang='grc' dir='ltr'><strong>ε</strong></span> <span class='ocrx_word' id='word_1_64' title='bbox 3188 910 3252 978; x_wconf 88' lang='lat'>&amp;</span> <span class='ocrx_word' id='word_1_65' title='bbox 3282 908 3682 1001; x_wconf 74' lang='lat' dir='ltr'>ineptissimo</span> <span class='ocrx_word' id='word_1_66' title='bbox 3729 944 3827 991; x_wconf 89' lang='lat' dir='ltr'>ar..</span> 
     </span>
    </p>
   </div>
   <div class='ocr_carea' id='block_1_3' title="bbox 535 987 3827 1214">
    <p class='ocr_par' dir='ltr' id='par_1_3' title="bbox 535 987 3827 1214">
     <span class='ocr_line' id='line_1_7' title="bbox 535 987 3826 1128; baseline 0.007 -63"><span class='ocrx_word' id='word_1_67' title='bbox 535 987 844 1128; x_wconf 49' lang='grc' dir='ltr'>5ίῖῖῖῗῶ</span> <span class='ocrx_word' id='word_1_68' title='bbox 918 1019 1233 1097; x_wconf 86' lang='lat' dir='ltr'>gumento</span> <span class='ocrx_word' id='word_1_69' title='bbox 1279 998 1595 1096; x_wconf 89' lang='lat' dir='ltr'>probatur</span> <span class='ocrx_word' id='word_1_70' title='bbox 1641 1003 1813 1096; x_wconf 89' lang='lat' dir='ltr'>apud</span> <span class='ocrx_word' id='word_1_71' title='bbox 1847 1003 2135 1074; x_wconf 89' lang='lat' dir='ltr'>Gellium</span> <span class='ocrx_word' id='word_1_72' title='bbox 2184 1005 2222 1072; x_wconf 73' lang='lat' dir='ltr'>a</span> <span class='ocrx_word' id='word_1_73' title='bbox 2266 1002 2336 1073; x_wconf 92' lang='grc' dir='ltr'>Ρ.</span> <span class='ocrx_word' id='word_1_74' title='bbox 2382 1001 2673 1094; x_wconf 86' lang='lat' dir='ltr'>Nigidio.</span> <span class='ocrx_word' id='word_1_75' title='bbox 2786 1003 2872 1072; x_wconf 87' lang='lat' dir='ltr'>Et</span> <span class='ocrx_word' id='word_1_76' title='bbox 2898 1053 2921 1089; x_wconf 86' lang='lat'>‚</span> <span class='ocrx_word' id='word_1_77' title='bbox 2984 1027 3357 1098; x_wconf 72' lang='lat' dir='ltr'>quanquam</span> <span class='ocrx_word' id='word_1_78' title='bbox 3416 1007 3556 1082; x_wconf 80' lang='lat' dir='ltr'>haec</span> <span class='ocrx_word' id='word_1_79' title='bbox 3600 1016 3826 1107; x_wconf 84' lang='lat' dir='ltr'>opinio</span> 
     </span>
     <span class='ocr_line' id='line_1_8' title="bbox 539 1097 3827 1214; baseline 0.002 -46"><span class='ocrx_word' id='word_1_80' title='bbox 539 1150 703 1214; x_wconf 74' lang='lat' dir='ltr'><em>hujus</em></span> <span class='ocrx_word' id='word_1_81' title='bbox 918 1123 1233 1193; x_wconf 85' lang='lat' dir='ltr'>tanquam</span> <span class='ocrx_word' id='word_1_82' title='bbox 1280 1101 1544 1173; x_wconf 88' lang='lat' dir='ltr'>ridicula</span> <span class='ocrx_word' id='word_1_83' title='bbox 1585 1101 1778 1171; x_wconf 87' lang='lat' dir='ltr'>hodie</span> <span class='ocrx_word' id='word_1_84' title='bbox 1821 1101 1856 1170; x_wconf 73' lang='lat' dir='ltr'>a</span> <span class='ocrx_word' id='word_1_85' title='bbox 1900 1100 2146 1173; x_wconf 63' lang='lat' dir='ltr'>cunetis</span> <span class='ocrx_word' id='word_1_86' title='bbox 2194 1097 2629 1190; x_wconf 82' lang='lat' dir='ltr'>explodatur:</span> <span class='ocrx_word' id='word_1_87' title='bbox 2675 1099 2720 1168; x_wconf 91' lang='lat' dir='ltr'>ii</span> <span class='ocrx_word' id='word_1_88' title='bbox 2760 1119 2981 1171; x_wconf 88' lang='lat' dir='ltr'>tamen</span> <span class='ocrx_word' id='word_1_89' title='bbox 3027 1125 3304 1188; x_wconf 72' lang='lat' dir='ltr'>omneS,</span> <span class='ocrx_word' id='word_1_90' title='bbox 3363 1107 3474 1195; x_wconf 91' lang='lat' dir='ltr'>qui</span> <span class='ocrx_word' id='word_1_91' title='bbox 3521 1153 3541 1180; x_wconf 86' lang='lat'>‚</span> <span class='ocrx_word' id='word_1_92' title='bbox 3603 1137 3827 1203; x_wconf 84' lang='lat' dir='ltr'>quam.</span> 
     </span>
    </p>
   </div>
   <div class='ocr_carea' id='block_1_4' title="bbox 531 1192 3825 1586">
    <p class='ocr_par' dir='ltr' id='par_1_4' title="bbox 539 1192 3825 1304">
     <span class='ocr_line' id='line_1_9' title="bbox 539 1192 3825 1304; baseline 0.002 -28"><span class='ocrx_word' id='word_1_93' title='bbox 539 1223 784 1304; x_wconf 56' lang='lat' dir='ltr'>cfagylo.</span> <span class='ocrx_word' id='word_1_94' title='bbox 919 1201 1250 1293; x_wconf 86' lang='lat' dir='ltr'>primum,</span> <span class='ocrx_word' id='word_1_95' title='bbox 1302 1198 1528 1272; x_wconf 87' lang='lat' dir='ltr'>eadem</span> <span class='ocrx_word' id='word_1_96' title='bbox 1563 1198 1710 1270; x_wconf 87' lang='lat' dir='ltr'>licet</span> <span class='ocrx_word' id='word_1_97' title='bbox 1751 1219 2054 1272; x_wconf 89' lang='lat' dir='ltr'>manente</span> <span class='ocrx_word' id='word_1_98' title='bbox 2106 1194 2417 1267; x_wconf 87' lang='lat' dir='ltr'>sententia</span> <span class='ocrx_word' id='word_1_99' title='bbox 2447 1245 2472 1280; x_wconf 90' lang='lat'>‚</span> <span class='ocrx_word' id='word_1_100' title='bbox 2526 1192 2730 1266; x_wconf 84' lang='lat' dir='ltr'>verba</span> <span class='ocrx_word' id='word_1_101' title='bbox 2776 1197 3083 1290; x_wconf 78' lang='lat' dir='ltr'>quaedam</span> <span class='ocrx_word' id='word_1_102' title='bbox 3146 1200 3580 1277; x_wconf 82' lang='lat' dir='ltr'>immutantur</span> <span class='ocrx_word' id='word_1_103' title='bbox 3613 1234 3639 1288; x_wconf 78' lang='lat'>3</span> <span class='ocrx_word' id='word_1_104' title='bbox 3689 1234 3825 1283; x_wconf 88' lang='lat' dir='ltr'>non</span> 
     </span>
    </p>

    <p class='ocr_par' dir='ltr' id='par_1_5' title="bbox 531 1291 3821 1389">
     <span class='ocr_line' id='line_1_10' title="bbox 531 1291 3821 1389; baseline -0.001 -16"><span class='ocrx_word' id='word_1_105' title='bbox 531 1315 598 1376; x_wconf 78' lang='lat' dir='ltr'>A.</span> <span class='ocrx_word' id='word_1_106' title='bbox 633 1301 781 1365; x_wconf 85' lang='lat' dir='ltr'>Gell.</span> <span class='ocrx_word' id='word_1_107' title='bbox 918 1300 1096 1370; x_wconf 86' lang='lat' dir='ltr'>aliter</span> <span class='ocrx_word' id='word_1_108' title='bbox 1152 1322 1273 1389; x_wconf 88' lang='lat' dir='ltr'>pro</span> <span class='ocrx_word' id='word_1_109' title='bbox 1346 1295 1470 1366; x_wconf 83' lang='lat' dir='ltr'>suis</span> <span class='ocrx_word' id='word_1_110' title='bbox 1550 1296 1860 1388; x_wconf 90' lang='lat' dir='ltr'>loquendi</span> <span class='ocrx_word' id='word_1_111' title='bbox 1937 1294 2235 1367; x_wconf 85' lang='lat' dir='ltr'>formulis</span> <span class='ocrx_word' id='word_1_112' title='bbox 2307 1292 2736 1386; x_wconf 81' lang='lat' dir='ltr'>digladiantur</span> <span class='ocrx_word' id='word_1_113' title='bbox 2794 1346 2819 1382; x_wconf 88' lang='lat'>,</span> <span class='ocrx_word' id='word_1_114' title='bbox 2909 1319 2985 1367; x_wconf 88' lang='lat' dir='ltr'>ac</span> <span class='ocrx_word' id='word_1_115' title='bbox 3034 1291 3082 1364; x_wconf 83' lang='lat' dir='ltr'>fi</span> <span class='ocrx_word' id='word_1_116' title='bbox 3147 1298 3453 1371; x_wconf 86' lang='lat' dir='ltr'>naturalis</span> <span class='ocrx_word' id='word_1_117' title='bbox 3496 1308 3665 1376; x_wconf 90' lang='lat' dir='ltr'>inter</span> <span class='ocrx_word' id='word_1_118' title='bbox 3713 1333 3821 1380; x_wconf 87' lang='lat' dir='ltr'>ve.</span> 
     </span>
    </p>

    <p class='ocr_par' dir='ltr' id='par_1_6' title="bbox 535 1385 3813 1586">
     <span class='ocr_line' id='line_1_11' title="bbox 535 1385 3813 1563; baseline 0.007 -110"><span class='ocrx_word' id='word_1_119' title='bbox 535 1390 687 1453; x_wconf 73' lang='lat' dir='ltr'>nost.</span> <span class='ocrx_word' id='word_1_120' title='bbox 717 1385 800 1446; x_wconf 76' lang='lat' dir='ltr'>At.</span> <span class='ocrx_word' id='word_1_121' title='bbox 917 1398 1177 1562; x_wconf 54' lang='lat' dir='ltr'>ritatbem</span> <span class='ocrx_word' id='word_1_122' title='bbox 1231 1395 1544 1563; x_wconf 69' lang='lat' dir='ltr'><strong>&amp;.dv⁰⁰e⁵</strong></span> <span class='ocrx_word' id='word_1_123' title='bbox 1598 1417 1805 1466; x_wconf 85' lang='lat' dir='ltr'>nexus</span> <span class='ocrx_word' id='word_1_124' title='bbox 1869 1391 2069 1476; x_wconf 78' lang='lat' dir='ltr'>effet3</span> <span class='ocrx_word' id='word_1_125' title='bbox 2107 1390 2174 1463; x_wconf 88' lang='lat' dir='ltr'>id</span> <span class='ocrx_word' id='word_1_126' title='bbox 2219 1441 2243 1478; x_wconf 84' lang='lat'>‚</span> <span class='ocrx_word' id='word_1_127' title='bbox 2308 1389 2490 1486; x_wconf 89' lang='lat' dir='ltr'>quod</span> <span class='ocrx_word' id='word_1_128' title='bbox 2550 1387 2766 1464; x_wconf 82' lang='lat' dir='ltr'>verbis</span> <span class='ocrx_word' id='word_1_129' title='bbox 2838 1393 3137 1485; x_wconf 83' lang='lat' dir='ltr'>rejiciunt</span> <span class='ocrx_word' id='word_1_130' title='bbox 3183 1443 3209 1480; x_wconf 84' lang='lat'>‚</span> <span class='ocrx_word' id='word_1_131' title='bbox 3276 1392 3450 1471; x_wconf 67' lang='lat' dir='ltr'>facto</span> <span class='ocrx_word' id='word_1_132' title='bbox 3518 1399 3656 1497; x_wconf 90' lang='lat' dir='ltr'>ipso</span> <span class='ocrx_word' id='word_1_133' title='bbox 3703 1429 3813 1500; x_wconf 85' lang='lat' dir='ltr'>ap-</span> 
     </span>
     <span class='ocr_line' id='line_1_12' title="bbox 745 1505 1575 1586; baseline -0.005 -21"><span class='ocrx_word' id='word_1_134' title='bbox 745 1510 759 1524; x_wconf 89' lang='lat'><strong>·</strong></span> <span class='ocrx_word' id='word_1_135' title='bbox 812 1505 826 1521; x_wconf 88' lang='grc'><em>·</em></span> <span class='ocrx_word' id='word_1_136' title='bbox 922 1519 1038 1586; x_wconf 84' lang='lat' dir='ltr'>pro</span> <span class='ocrx_word' id='word_1_137' title='bbox 1092 1515 1200 1563; x_wconf 90' lang='lat' dir='ltr'>are</span> <span class='ocrx_word' id='word_1_138' title='bbox 1253 1518 1317 1564; x_wconf 86' lang='lat' dir='ltr'>v1</span> <span class='ocrx_word' id='word_1_139' title='bbox 1365 1509 1575 1564; x_wconf 88' lang='lat' dir='ltr'>entur.</span> 
     </span>
    </p>
   </div>
   <div class='ocr_carea' id='block_1_5' title="bbox 534 1686 3825 2371">
    <p class='ocr_par' dir='ltr' id='par_1_7' title="bbox 534 1686 3825 2371">
     <span class='ocr_line' id='line_1_13' title="bbox 534 1686 3823 1791; baseline 0.001 -26"><span class='ocrx_word' id='word_1_140' title='bbox 534 1705 831 1767; x_wconf 74' lang='lat' dir='ltr'>verborum</span> <span class='ocrx_word' id='word_1_141' title='bbox 1081 1688 1214 1783; x_wconf 35' lang='lat' dir='ltr'>‚Ex</span> <span class='ocrx_word' id='word_1_142' title='bbox 1265 1687 1440 1762; x_wconf 56' lang='lat' dir='ltr'>areta</span> <span class='ocrx_word' id='word_1_143' title='bbox 1489 1689 1609 1762; x_wconf 85' lang='lat' dir='ltr'>hac</span> <span class='ocrx_word' id='word_1_144' title='bbox 1641 1686 2003 1763; x_wconf 85' lang='lat' dir='ltr'>verborum</span> <span class='ocrx_word' id='word_1_145' title='bbox 2042 1687 2108 1762; x_wconf 86' lang='lat'>&amp;</span> <span class='ocrx_word' id='word_1_146' title='bbox 2147 1712 2366 1761; x_wconf 89' lang='lat' dir='ltr'>rerum</span> <span class='ocrx_word' id='word_1_147' title='bbox 2416 1693 2849 1779; x_wconf 81' lang='lat' dir='ltr'>connexione,</span> <span class='ocrx_word' id='word_1_148' title='bbox 2900 1691 3108 1766; x_wconf 85' lang='lat' dir='ltr'>oritur</span> <span class='ocrx_word' id='word_1_149' title='bbox 3128 1689 3489 1768; x_wconf 85' lang='lat' dir='ltr'>verborum</span> <span class='ocrx_word' id='word_1_150' title='bbox 3536 1705 3823 1791; x_wconf 54' lang='lat' dir='ltr'>quorunss</span> 
     </span>
     <span class='ocr_line' id='line_1_14' title="bbox 534 1781 3822 1885; baseline 0 -22"><span class='ocrx_word' id='word_1_151' title='bbox 534 1792 723 1847; x_wconf 69' lang='lat' dir='ltr'>odium</span> <span class='ocrx_word' id='word_1_152' title='bbox 745 1781 843 1869; x_wconf 57' lang='grc' dir='ltr'>,θ’</span> <span class='ocrx_word' id='word_1_153' title='bbox 932 1793 1085 1864; x_wconf 87' lang='lat' dir='ltr'>dam</span> <span class='ocrx_word' id='word_1_154' title='bbox 1121 1792 1376 1874; x_wconf 86' lang='lat' dir='ltr'>odium,</span> <span class='ocrx_word' id='word_1_155' title='bbox 1426 1811 1621 1882; x_wconf 87' lang='lat' dir='ltr'>atque</span> <span class='ocrx_word' id='word_1_156' title='bbox 1647 1786 1963 1860; x_wconf 83' lang='lat' dir='ltr'>aversatio</span> <span class='ocrx_word' id='word_1_157' title='bbox 2001 1837 2024 1875; x_wconf 84' lang='lat'>‚</span> <span class='ocrx_word' id='word_1_158' title='bbox 2058 1789 2336 1860; x_wconf 89' lang='lat' dir='ltr'>aliorum</span> <span class='ocrx_word' id='word_1_159' title='bbox 2359 1813 2545 1861; x_wconf 88' lang='lat' dir='ltr'>amor</span> <span class='ocrx_word' id='word_1_160' title='bbox 2571 1809 2770 1885; x_wconf 86' lang='lat' dir='ltr'>atque</span> <span class='ocrx_word' id='word_1_161' title='bbox 2796 1794 3151 1864; x_wconf 87' lang='lat' dir='ltr'>veneratio.</span> <span class='ocrx_word' id='word_1_162' title='bbox 3262 1795 3445 1866; x_wconf 86' lang='lat' dir='ltr'>Odio</span> <span class='ocrx_word' id='word_1_163' title='bbox 3489 1801 3663 1871; x_wconf 86' lang='lat' dir='ltr'>enim</span> <span class='ocrx_word' id='word_1_164' title='bbox 3717 1803 3822 1873; x_wconf 86' lang='lat' dir='ltr'>ha.</span> 
     </span>
     <span class='ocr_line' id='line_1_15' title="bbox 923 1885 3821 1990; baseline 0.003 -30"><span class='ocrx_word' id='word_1_165' title='bbox 923 1890 1155 1962; x_wconf 83' lang='lat' dir='ltr'>bemus</span> <span class='ocrx_word' id='word_1_166' title='bbox 1199 1912 1335 1960; x_wconf 90' lang='lat' dir='ltr'>non</span> <span class='ocrx_word' id='word_1_167' title='bbox 1375 1912 1475 1958; x_wconf 84' lang='lat' dir='ltr'>res</span> <span class='ocrx_word' id='word_1_168' title='bbox 1530 1887 1735 1957; x_wconf 87' lang='lat' dir='ltr'>modo</span> <span class='ocrx_word' id='word_1_169' title='bbox 1776 1887 1840 1958; x_wconf 73' lang='lat' dir='ltr'>Sc</span> <span class='ocrx_word' id='word_1_170' title='bbox 1886 1885 2229 1961; x_wconf 85' lang='lat' dir='ltr'>sententias</span> <span class='ocrx_word' id='word_1_171' title='bbox 2263 1936 2286 1974; x_wconf 85' lang='lat'>,</span> <span class='ocrx_word' id='word_1_172' title='bbox 2336 1885 2443 1958; x_wconf 81' lang='lat' dir='ltr'>sed</span> <span class='ocrx_word' id='word_1_173' title='bbox 2495 1885 2701 1960; x_wconf 84' lang='lat' dir='ltr'>verba</span> <span class='ocrx_word' id='word_1_174' title='bbox 2745 1914 3009 1983; x_wconf 85' lang='lat' dir='ltr'>quoque</span> <span class='ocrx_word' id='word_1_175' title='bbox 3061 1894 3125 1962; x_wconf 86' lang='lat'>&amp;</span> <span class='ocrx_word' id='word_1_176' title='bbox 3177 1892 3590 1984; x_wconf 84' lang='lat' dir='ltr'>loquutiones</span> <span class='ocrx_word' id='word_1_177' title='bbox 3624 1949 3645 1984; x_wconf 92' lang='lat'>‚</span> <span class='ocrx_word' id='word_1_178' title='bbox 3673 1924 3821 1990; x_wconf 85' lang='lat' dir='ltr'>quae</span> 
     </span>
     <span class='ocr_line' id='line_1_16' title="bbox 923 1980 3825 2079; baseline 0.002 -18"><span class='ocrx_word' id='word_1_179' title='bbox 923 2014 1023 2061; x_wconf 83' lang='lat' dir='ltr'>res</span> <span class='ocrx_word' id='word_1_180' title='bbox 1063 1989 1125 2058; x_wconf 86' lang='lat'>&amp;</span> <span class='ocrx_word' id='word_1_181' title='bbox 1164 1984 1505 2058; x_wconf 84' lang='lat' dir='ltr'>sententias</span> <span class='ocrx_word' id='word_1_182' title='bbox 1555 1980 1803 2055; x_wconf 80' lang='lat' dir='ltr'>odiosas</span> <span class='ocrx_word' id='word_1_183' title='bbox 1857 1981 2269 2079; x_wconf 73' lang='lat' dir='ltr'>fignificant3</span> <span class='ocrx_word' id='word_1_184' title='bbox 2309 1985 2865 2076; x_wconf 83' lang='lat' dir='ltr'>quemadmodum</span> <span class='ocrx_word' id='word_1_185' title='bbox 2900 2007 3130 2060; x_wconf 86' lang='lat' dir='ltr'>contra</span> <span class='ocrx_word' id='word_1_186' title='bbox 3171 2011 3356 2061; x_wconf 89' lang='lat' dir='ltr'>amor</span> <span class='ocrx_word' id='word_1_187' title='bbox 3402 1995 3438 2059; x_wconf 77' lang='lat' dir='ltr'>a</span> <span class='ocrx_word' id='word_1_188' title='bbox 3485 1993 3677 2066; x_wconf 84' lang='lat' dir='ltr'>rebus</span> <span class='ocrx_word' id='word_1_189' title='bbox 3722 2023 3825 2068; x_wconf 90' lang='lat' dir='ltr'>re·</span> 
     </span>
     <span class='ocr_line' id='line_1_17' title="bbox 929 2079 3812 2181; baseline 0.003 -25"><span class='ocrx_word' id='word_1_190' title='bbox 929 2084 1178 2168; x_wconf 80' lang='lat' dir='ltr'>dundat</span> <span class='ocrx_word' id='word_1_191' title='bbox 1224 2085 1288 2155; x_wconf 91' lang='lat' dir='ltr'>in</span> <span class='ocrx_word' id='word_1_192' title='bbox 1328 2108 1403 2155; x_wconf 84' lang='lat' dir='ltr'>ea</span> <span class='ocrx_word' id='word_1_193' title='bbox 1435 2134 1457 2169; x_wconf 87' lang='lat'>‚</span> <span class='ocrx_word' id='word_1_194' title='bbox 1510 2079 1749 2174; x_wconf 84' lang='lat' dir='ltr'>quibus</span> <span class='ocrx_word' id='word_1_195' title='bbox 1791 2106 1892 2154; x_wconf 87' lang='lat' dir='ltr'>res</span> <span class='ocrx_word' id='word_1_196' title='bbox 1980 2082 2291 2153; x_wconf 80' lang='lat' dir='ltr'>amabiles</span> <span class='ocrx_word' id='word_1_197' title='bbox 2325 2130 2350 2167; x_wconf 90' lang='lat'>‚</span> <span class='ocrx_word' id='word_1_198' title='bbox 2397 2080 2750 2168; x_wconf 66' lang='lat' dir='ltr'>sententias</span> <span class='ocrx_word' id='word_1_199' title='bbox 2778 2105 2992 2177; x_wconf 85' lang='lat' dir='ltr'>gratas</span> <span class='ocrx_word' id='word_1_200' title='bbox 3062 2084 3496 2181; x_wconf 81' lang='lat' dir='ltr'>significamus</span> <span class='ocrx_word' id='word_1_201' title='bbox 3517 2139 3542 2177; x_wconf 86' lang='lat'>‚</span> <span class='ocrx_word' id='word_1_202' title='bbox 3592 2085 3812 2165; x_wconf 84' lang='lat' dir='ltr'>verba.</span> 
     </span>
     <span class='ocr_line' id='line_1_18' title="bbox 928 2179 3821 2283; baseline 0.003 -30"><span class='ocrx_word' id='word_1_203' title='bbox 928 2187 1106 2271; x_wconf 84' lang='lat' dir='ltr'>Qae</span> <span class='ocrx_word' id='word_1_204' title='bbox 1140 2179 1189 2252; x_wconf 85' lang='lat' dir='ltr'><strong>fi</strong></span> <span class='ocrx_word' id='word_1_205' title='bbox 1224 2184 1364 2275; x_wconf 83' lang='lat' dir='ltr'>quis</span> <span class='ocrx_word' id='word_1_206' title='bbox 1404 2180 1598 2252; x_wconf 82' lang='lat' dir='ltr'>nobis</span> <span class='ocrx_word' id='word_1_207' title='bbox 1651 2205 1733 2251; x_wconf 85' lang='lat' dir='ltr'>ex</span> <span class='ocrx_word' id='word_1_208' title='bbox 1784 2205 1899 2256; x_wconf 90' lang='lat' dir='ltr'>ore</span> <span class='ocrx_word' id='word_1_209' title='bbox 1977 2179 2249 2251; x_wconf 87' lang='lat' dir='ltr'>evellere</span> <span class='ocrx_word' id='word_1_210' title='bbox 2308 2200 2580 2252; x_wconf 85' lang='lat' dir='ltr'>conatur</span> <span class='ocrx_word' id='word_1_211' title='bbox 2609 2230 2635 2267; x_wconf 85' lang='lat'>‚</span> <span class='ocrx_word' id='word_1_212' title='bbox 2703 2206 2843 2255; x_wconf 88' lang='lat' dir='ltr'>non</span> <span class='ocrx_word' id='word_1_213' title='bbox 2915 2179 3099 2262; x_wconf 82' lang='lat' dir='ltr'>aliter</span> <span class='ocrx_word' id='word_1_214' title='bbox 3152 2184 3480 2257; x_wconf 80' lang='lat' dir='ltr'>irascimur</span> <span class='ocrx_word' id='word_1_215' title='bbox 3530 2240 3553 2276; x_wconf 86' lang='lat'>‚</span> <span class='ocrx_word' id='word_1_216' title='bbox 3620 2213 3821 2283; x_wconf 86' lang='lat' dir='ltr'>quam</span> 
     </span>
     <span class='ocr_line' id='line_1_19' title="bbox 922 2275 2329 2371; baseline -0.009 -16"><span class='ocrx_word' id='word_1_217' title='bbox 922 2286 1093 2356; x_wconf 74' lang='lat' dir='ltr'>canis</span> <span class='ocrx_word' id='word_1_218' title='bbox 1118 2332 1141 2368; x_wconf 86' lang='lat'>‚</span> <span class='ocrx_word' id='word_1_219' title='bbox 1186 2284 1289 2353; x_wconf 85' lang='lat' dir='ltr'>cui</span> <span class='ocrx_word' id='word_1_220' title='bbox 1332 2279 1549 2351; x_wconf 87' lang='lat' dir='ltr'>inania</span> <span class='ocrx_word' id='word_1_221' title='bbox 1596 2275 1742 2350; x_wconf 85' lang='lat' dir='ltr'>licet</span> <span class='ocrx_word' id='word_1_222' title='bbox 1783 2277 1911 2351; x_wconf 84' lang='lat' dir='ltr'>offa</span> <span class='ocrx_word' id='word_1_223' title='bbox 1939 2278 2329 2371; x_wconf 82' lang='lat' dir='ltr'>eripiuntur.</span> 
     </span>
    </p>
   </div>
   <div class='ocr_carea' id='block_1_6' title="bbox 537 2468 3820 3256">
    <p class='ocr_par' dir='ltr' id='par_1_8' title="bbox 537 2468 3820 3256">
     <span class='ocr_line' id='line_1_20' title="bbox 539 2468 3815 2573; baseline 0.003 -28"><span class='ocrx_word' id='word_1_224' title='bbox 539 2474 835 2534; x_wconf 69' lang='lat' dir='ltr'>verborum</span> <span class='ocrx_word' id='word_1_225' title='bbox 1105 2474 1255 2554; x_wconf 79' lang='lat' dir='ltr'>Hic·</span> <span class='ocrx_word' id='word_1_226' title='bbox 1282 2500 1443 2550; x_wconf 85' lang='lat' dir='ltr'>vero</span> <span class='ocrx_word' id='word_1_227' title='bbox 1498 2472 1861 2550; x_wconf 87' lang='lat' dir='ltr'>verborum</span> <span class='ocrx_word' id='word_1_228' title='bbox 1909 2497 2098 2548; x_wconf 90' lang='lat' dir='ltr'>amor</span> <span class='ocrx_word' id='word_1_229' title='bbox 2163 2468 2331 2567; x_wconf 79' lang='lat' dir='ltr'>saepe</span> <span class='ocrx_word' id='word_1_230' title='bbox 2380 2472 2447 2546; x_wconf 90' lang='lat' dir='ltr'>in</span> <span class='ocrx_word' id='word_1_231' title='bbox 2490 2472 3001 2571; x_wconf 73' lang='lat' dir='ltr'>(inperstitionem</span> <span class='ocrx_word' id='word_1_232' title='bbox 3047 2472 3283 2558; x_wconf 53' lang='lat' dir='ltr'>abiet</span> <span class='ocrx_word' id='word_1_233' title='bbox 3357 2472 3604 2552; x_wconf 86' lang='lat' dir='ltr'>Nescio</span> <span class='ocrx_word' id='word_1_234' title='bbox 3658 2497 3815 2573; x_wconf 83' lang='lat' dir='ltr'>quae</span> 
     </span>
     <span class='ocr_line' id='line_1_21' title="bbox 540 2556 3817 2693; baseline 0.001 -45"><span class='ocrx_word' id='word_1_235' title='bbox 540 2556 842 2693; x_wconf 47' lang='lat' dir='ltr'>fmm&#39;s‘f&#39;l‘.</span> <span class='ocrx_word' id='word_1_236' title='bbox 912 2575 1202 2670; x_wconf 82' lang='lat' dir='ltr'>majestas</span> <span class='ocrx_word' id='word_1_237' title='bbox 1223 2625 1247 2662; x_wconf 86' lang='lat'><em>‚</em></span> <span class='ocrx_word' id='word_1_238' title='bbox 1279 2573 1571 2646; x_wconf 63' lang='lat' dir='ltr'>sanctitas</span> <span class='ocrx_word' id='word_1_239' title='bbox 1591 2623 1610 2651; x_wconf 91' lang='lat'><em>,</em></span> <span class='ocrx_word' id='word_1_240' title='bbox 1663 2573 1874 2646; x_wconf 87' lang='lat' dir='ltr'>nescio</span> <span class='ocrx_word' id='word_1_241' title='bbox 1907 2599 2059 2667; x_wconf 74' lang='lat' dir='ltr'>quae</span> <span class='ocrx_word' id='word_1_242' title='bbox 2084 2573 2342 2644; x_wconf 82' lang='lat' dir='ltr'>occulta</span> <span class='ocrx_word' id='word_1_243' title='bbox 2371 2575 2580 2646; x_wconf 82' lang='lat' dir='ltr'>virtus</span> <span class='ocrx_word' id='word_1_244' title='bbox 2608 2577 2675 2646; x_wconf 89' lang='lat' dir='ltr'>in</span> <span class='ocrx_word' id='word_1_245' title='bbox 2709 2574 2922 2647; x_wconf 78' lang='lat' dir='ltr'>verbis</span> <span class='ocrx_word' id='word_1_246' title='bbox 2954 2573 3062 2645; x_wconf 85' lang='lat' dir='ltr'>est.</span> <span class='ocrx_word' id='word_1_247' title='bbox 3140 2575 3305 2649; x_wconf 92' lang='lat' dir='ltr'>Non</span> <span class='ocrx_word' id='word_1_248' title='bbox 3346 2563 3583 2648; x_wconf 65' lang='lat' dir='ltr'>suffieit</span> <span class='ocrx_word' id='word_1_249' title='bbox 3609 2578 3817 2651; x_wconf 75' lang='lat' dir='ltr'>verba</span> 
     </span>
     <span class='ocr_line' id='line_1_22' title="bbox 540 2638 3817 2781; baseline 0 -36"><span class='ocrx_word' id='word_1_250' title='bbox 540 2638 801 2781; x_wconf 45' lang='grc' dir='ltr'>ἒοᾞῖι</span> <span class='ocrx_word' id='word_1_251' title='bbox 824 2655 869 2690; x_wconf 74' lang='grc'><strong>”</strong></span> <span class='ocrx_word' id='word_1_252' title='bbox 912 2676 1189 2748; x_wconf 84' lang='lat' dir='ltr'>Homeri</span> <span class='ocrx_word' id='word_1_253' title='bbox 1225 2674 1538 2767; x_wconf 81' lang='lat' dir='ltr'>elegantia</span> <span class='ocrx_word' id='word_1_254' title='bbox 1580 2696 1814 2745; x_wconf 88' lang='lat' dir='ltr'>vocare</span> <span class='ocrx_word' id='word_1_255' title='bbox 1847 2722 1869 2758; x_wconf 88' lang='lat'>,</span> <span class='ocrx_word' id='word_1_256' title='bbox 1923 2668 2348 2765; x_wconf 86' lang='lat' dir='ltr'>fignificantia</span> <span class='ocrx_word' id='word_1_257' title='bbox 2368 2722 2392 2757; x_wconf 88' lang='lat'>,</span> <span class='ocrx_word' id='word_1_258' title='bbox 2457 2671 2735 2745; x_wconf 82' lang='lat' dir='ltr'>suaviter</span> <span class='ocrx_word' id='word_1_259' title='bbox 2776 2668 3138 2766; x_wconf 72' lang='lat' dir='ltr'>composita</span> <span class='ocrx_word' id='word_1_260' title='bbox 3162 2724 3184 2758; x_wconf 92' lang='lat'>‚</span> <span class='ocrx_word' id='word_1_261' title='bbox 3237 2675 3421 2747; x_wconf 85' lang='lat' dir='ltr'>duloe</span> <span class='ocrx_word' id='word_1_262' title='bbox 3471 2672 3765 2755; x_wconf 77' lang='lat' dir='ltr'>sonantia</span> <span class='ocrx_word' id='word_1_263' title='bbox 3788 2725 3817 2763; x_wconf 84' lang='lat'>,</span> 
     </span>
     <span class='ocr_line' id='line_1_23' title="bbox 544 2765 3818 2869; baseline -0.005 -7"><span class='ocrx_word' id='word_1_264' title='bbox 544 2804 681 2862; x_wconf 65' lang='lat' dir='ltr'>abar.</span> <span class='ocrx_word' id='word_1_265' title='bbox 917 2770 1261 2869; x_wconf 80' lang='lat' dir='ltr'>magnifica</span> <span class='ocrx_word' id='word_1_266' title='bbox 1285 2823 1307 2858; x_wconf 94' lang='lat'>,</span> <span class='ocrx_word' id='word_1_267' title='bbox 1367 2774 1429 2845; x_wconf 69' lang='grc' dir='ltr'>ἃ</span> <span class='ocrx_word' id='word_1_268' title='bbox 1474 2767 1521 2842; x_wconf 82' lang='lat' dir='ltr'>fi</span> <span class='ocrx_word' id='word_1_269' title='bbox 1562 2796 1715 2865; x_wconf 85' lang='lat' dir='ltr'>quae</span> <span class='ocrx_word' id='word_1_270' title='bbox 1757 2770 1879 2843; x_wconf 86' lang='lat' dir='ltr'>alia</span> <span class='ocrx_word' id='word_1_271' title='bbox 1912 2771 1982 2841; x_wconf 85' lang='lat' dir='ltr'>in</span> <span class='ocrx_word' id='word_1_272' title='bbox 2027 2765 2247 2842; x_wconf 44' lang='lat' dir='ltr'>verbisw</span> <span class='ocrx_word' id='word_1_273' title='bbox 2292 2768 2535 2843; x_wconf 87' lang='lat' dir='ltr'>laudari</span> <span class='ocrx_word' id='word_1_274' title='bbox 2586 2767 2861 2867; x_wconf 83' lang='lat' dir='ltr'>poffunt.</span> <span class='ocrx_word' id='word_1_275' title='bbox 2936 2771 3035 2843; x_wconf 88' lang='lat' dir='ltr'>Eo</span> <span class='ocrx_word' id='word_1_276' title='bbox 3076 2769 3281 2865; x_wconf 88' lang='lat' dir='ltr'>usque</span> <span class='ocrx_word' id='word_1_277' title='bbox 3343 2769 3647 2846; x_wconf 85' lang='lat' dir='ltr'>excrescit</span> <span class='ocrx_word' id='word_1_278' title='bbox 3676 2775 3818 2846; x_wconf 70' lang='lat' dir='ltr'>&#39;ho-</span> 
     </span>
     <span class='ocr_line' id='line_1_24' title="bbox 539 2864 3818 2964; baseline -0.001 -18"><span class='ocrx_word' id='word_1_279' title='bbox 539 2883 768 2947; x_wconf 84' lang='lat' dir='ltr'>Robert.</span> <span class='ocrx_word' id='word_1_280' title='bbox 922 2896 1071 2942; x_wconf 91' lang='lat' dir='ltr'>rum</span> <span class='ocrx_word' id='word_1_281' title='bbox 1110 2869 1470 2942; x_wconf 81' lang='lat' dir='ltr'>verborum</span> <span class='ocrx_word' id='word_1_282' title='bbox 1499 2895 1732 2956; x_wconf 85' lang='lat' dir='ltr'>amor,</span> <span class='ocrx_word' id='word_1_283' title='bbox 1785 2888 1863 2941; x_wconf 90' lang='lat' dir='ltr'>ut</span> <span class='ocrx_word' id='word_1_284' title='bbox 1914 2871 2010 2941; x_wconf 85' lang='lat' dir='ltr'>vis</span> <span class='ocrx_word' id='word_1_285' title='bbox 2039 2864 2311 2940; x_wconf 77' lang='lat' dir='ltr'>morbos</span> <span class='ocrx_word' id='word_1_286' title='bbox 2357 2872 2626 2942; x_wconf 86' lang='lat' dir='ltr'>curandi</span> <span class='ocrx_word' id='word_1_287' title='bbox 2667 2873 2734 2941; x_wconf 91' lang='lat' dir='ltr'>in</span> <span class='ocrx_word' id='word_1_288' title='bbox 2790 2871 2909 2940; x_wconf 79' lang='lat' dir='ltr'>illis</span> <span class='ocrx_word' id='word_1_289' title='bbox 2944 2888 3297 2964; x_wconf 73' lang='lat' dir='ltr'>quaeratur.</span> <span class='ocrx_word' id='word_1_290' title='bbox 3378 2872 3521 2943; x_wconf 84' lang='lat' dir='ltr'>Alia</span> <span class='ocrx_word' id='word_1_291' title='bbox 3550 2868 3818 2943; x_wconf 74' lang='lat' dir='ltr'>strenuis</span> 
     </span>
     <span class='ocr_line' id='line_1_25' title="bbox 539 2963 3819 3063; baseline 0.001 -27"><span class='ocrx_word' id='word_1_292' title='bbox 539 2963 830 3063; x_wconf 48' lang='lat' dir='ltr'>neuchen.</span> <span class='ocrx_word' id='word_1_293' title='bbox 923 2965 1265 3061; x_wconf 83' lang='lat' dir='ltr'>potoribus</span> <span class='ocrx_word' id='word_1_294' title='bbox 1299 2968 1588 3038; x_wconf 87' lang='lat' dir='ltr'>remedio</span> <span class='ocrx_word' id='word_1_295' title='bbox 1631 2968 1780 3039; x_wconf 90' lang='lat' dir='ltr'>sunt</span> <span class='ocrx_word' id='word_1_296' title='bbox 1835 2966 2137 3038; x_wconf 81' lang='lat' dir='ltr'>adversus</span> <span class='ocrx_word' id='word_1_297' title='bbox 2172 2964 2574 3039; x_wconf 84' lang='lat' dir='ltr'>ebrietatem.</span> <span class='ocrx_word' id='word_1_298' title='bbox 2678 2968 2821 3038; x_wconf 83' lang='lat' dir='ltr'>Alia</span> <span class='ocrx_word' id='word_1_299' title='bbox 2859 2964 3206 3038; x_wconf 82' lang='lat' dir='ltr'>arboribus</span> <span class='ocrx_word' id='word_1_300' title='bbox 3257 2968 3532 3061; x_wconf 86' lang='lat' dir='ltr'>appensa</span> <span class='ocrx_word' id='word_1_301' title='bbox 3573 2966 3819 3040; x_wconf 56' lang='lat' dir='ltr'>studius</span> 
     </span>
     <span class='ocr_line' id='line_1_26' title="bbox 537 3041 3817 3151; baseline 0.001 -17"><span class='ocrx_word' id='word_1_302' title='bbox 537 3066 596 3108; x_wconf 69' lang='lat'>¹¹³</span> <span class='ocrx_word' id='word_1_303' title='bbox 625 3041 813 3125; x_wconf 83' lang='lat' dir='ltr'>prole·</span> <span class='ocrx_word' id='word_1_304' title='bbox 926 3067 994 3136; x_wconf 91' lang='lat' dir='ltr'>in</span> <span class='ocrx_word' id='word_1_305' title='bbox 1038 3066 1112 3136; x_wconf 81' lang='lat' dir='ltr'>iis</span> <span class='ocrx_word' id='word_1_306' title='bbox 1168 3113 1191 3151; x_wconf 84' lang='lat'>‚</span> <span class='ocrx_word' id='word_1_307' title='bbox 1250 3089 1332 3135; x_wconf 87' lang='lat' dir='ltr'>ne</span> <span class='ocrx_word' id='word_1_308' title='bbox 1395 3063 1693 3137; x_wconf 88' lang='lat' dir='ltr'>decidant</span> <span class='ocrx_word' id='word_1_309' title='bbox 1745 3114 1771 3150; x_wconf 88' lang='lat'><em>‚</em></span> <span class='ocrx_word' id='word_1_310' title='bbox 1848 3065 2204 3136; x_wconf 86' lang='lat' dir='ltr'>continent.</span> <span class='ocrx_word' id='word_1_311' title='bbox 2345 3064 2487 3134; x_wconf 86' lang='lat' dir='ltr'>Alia</span> <span class='ocrx_word' id='word_1_312' title='bbox 2530 3063 2786 3134; x_wconf 83' lang='lat' dir='ltr'>dolores</span> <span class='ocrx_word' id='word_1_313' title='bbox 2855 3062 3219 3136; x_wconf 81' lang='lat' dir='ltr'>arthritioos</span> <span class='ocrx_word' id='word_1_314' title='bbox 3236 3113 3262 3148; x_wconf 89' lang='lat'>‚</span> <span class='ocrx_word' id='word_1_315' title='bbox 3335 3066 3457 3136; x_wconf 87' lang='lat' dir='ltr'>alia</span> <span class='ocrx_word' id='word_1_316' title='bbox 3530 3061 3817 3138; x_wconf 79' lang='lat' dir='ltr'>faucium</span> 
     </span>
     <span class='ocr_line' id='line_1_27' title="bbox 537 3143 3820 3256; baseline 0.001 -24"><span class='ocrx_word' id='word_1_317' title='bbox 537 3145 688 3206; x_wconf 70' lang='lat'><strong>80³¹·</strong></span> <span class='ocrx_word' id='word_1_318' title='bbox 715 3143 819 3184; x_wconf 68' lang='lat'>&#39;¹⁰‘</span> <span class='ocrx_word' id='word_1_319' title='bbox 925 3164 1095 3235; x_wconf 86' lang='lat' dir='ltr'>mala</span> <span class='ocrx_word' id='word_1_320' title='bbox 1139 3162 1357 3233; x_wconf 82' lang='lat' dir='ltr'>levant</span> <span class='ocrx_word' id='word_1_321' title='bbox 1414 3188 1432 3230; x_wconf 71' lang='grc' dir='ltr'><em>ε</em></span> <span class='ocrx_word' id='word_1_322' title='bbox 1507 3185 1631 3235; x_wconf 86' lang='lat' dir='ltr'>nec</span> <span class='ocrx_word' id='word_1_323' title='bbox 1690 3158 1919 3234; x_wconf 86' lang='lat' dir='ltr'>desunt</span> <span class='ocrx_word' id='word_1_324' title='bbox 1944 3211 1970 3250; x_wconf 86' lang='lat'>,</span> <span class='ocrx_word' id='word_1_325' title='bbox 2031 3187 2186 3256; x_wconf 86' lang='lat' dir='ltr'>quae</span> <span class='ocrx_word' id='word_1_326' title='bbox 2237 3159 2595 3253; x_wconf 86' lang='lat' dir='ltr'>podagram</span> <span class='ocrx_word' id='word_1_327' title='bbox 2638 3209 2663 3247; x_wconf 85' lang='lat'>‚</span> <span class='ocrx_word' id='word_1_328' title='bbox 2782 3182 2893 3234; x_wconf 80' lang='lat' dir='ltr'>uae</span> <span class='ocrx_word' id='word_1_329' title='bbox 2947 3158 3101 3231; x_wconf 78' lang='lat' dir='ltr'>alias</span> <span class='ocrx_word' id='word_1_330' title='bbox 3154 3161 3643 3237; x_wconf 81' lang='lat' dir='ltr'>immedicabilis</span> <span class='ocrx_word' id='word_1_331' title='bbox 3711 3165 3820 3236; x_wconf 76' lang='lat' dir='ltr'>ha·-</span> 
     </span>
    </p>
   </div>
   <div class='ocr_carea' id='block_1_7' title="bbox 538 3204 1480 3354">
    <p class='ocr_par' dir='ltr' id='par_1_9' title="bbox 538 3204 1480 3354">
     <span class='ocr_line' id='line_1_28' title="bbox 538 3204 813 3269; baseline -0.022 1"><span class='ocrx_word' id='word_1_332' title='bbox 538 3225 722 3269; x_wconf 82' lang='lat' dir='ltr'>tarum</span> <span class='ocrx_word' id='word_1_333' title='bbox 739 3204 813 3266; x_wconf 88' lang='lat' dir='ltr'>ad</span> 
     </span>
     <span class='ocr_line' id='line_1_29' title="bbox 539 3259 1480 3354; baseline -0.02 -4"><span class='ocrx_word' id='word_1_334' title='bbox 539 3290 815 3350; x_wconf 84' lang='lat' dir='ltr'>Serenum</span> <span class='ocrx_word' id='word_1_335' title='bbox 921 3259 1111 3335; x_wconf 75' lang='lat' dir='ltr'>betur</span> <span class='ocrx_word' id='word_1_336' title='bbox 1139 3313 1164 3349; x_wconf 85' lang='lat'>,</span> <span class='ocrx_word' id='word_1_337' title='bbox 1220 3260 1480 3354; x_wconf 76' lang='lat' dir='ltr'>pellant.</span> 
     </span>
    </p>
   </div>
   <div class='ocr_carea' id='block_1_8' title="bbox 539 3367 3823 4332">
    <p class='ocr_par' dir='ltr' id='par_1_10' title="bbox 539 3367 3823 4332">
     <span class='ocr_line' id='line_1_30' title="bbox 541 3367 805 3430; baseline -0.011 0"><span class='ocrx_word' id='word_1_338' title='bbox 541 3367 805 3430; x_wconf 85' lang='lat' dir='ltr'>Samoni-</span> 
     </span>
     <span class='ocr_line' id='line_1_31' title="bbox 542 3446 3819 3555; baseline -0.001 -24"><span class='ocrx_word' id='word_1_339' title='bbox 542 3467 695 3555; x_wconf 56' lang='lat' dir='ltr'>cum.</span> <span class='ocrx_word' id='word_1_340' title='bbox 756 3515 769 3547; x_wconf 75' lang='lat'>‚-</span> <span class='ocrx_word' id='word_1_341' title='bbox 1115 3456 1279 3532; x_wconf 91' lang='lat' dir='ltr'>Non</span> <span class='ocrx_word' id='word_1_342' title='bbox 1317 3456 1530 3545; x_wconf 78' lang='lat' dir='ltr'>minus</span> <span class='ocrx_word' id='word_1_343' title='bbox 1578 3454 1668 3530; x_wconf 87' lang='lat' dir='ltr'>est</span> <span class='ocrx_word' id='word_1_344' title='bbox 1712 3454 2074 3534; x_wconf 82' lang='lat' dir='ltr'>verborum</span> <span class='ocrx_word' id='word_1_345' title='bbox 2130 3458 2378 3531; x_wconf 85' lang='lat' dir='ltr'>odium.</span> <span class='ocrx_word' id='word_1_346' title='bbox 2497 3464 2572 3530; x_wconf 87' lang='lat' dir='ltr'>In</span> <span class='ocrx_word' id='word_1_347' title='bbox 2604 3454 2867 3555; x_wconf 82' lang='lat' dir='ltr'>generali</span> <span class='ocrx_word' id='word_1_348' title='bbox 2901 3446 3202 3547; x_wconf 72' lang='lat' dir='ltr'>Hispania</span> <span class='ocrx_word' id='word_1_349' title='bbox 3240 3454 3478 3550; x_wconf 64' lang='lat' dir='ltr'>historia</span> <span class='ocrx_word' id='word_1_350' title='bbox 3529 3459 3771 3553; x_wconf 65' lang='lat' dir='ltr'>legimur</span> <span class='ocrx_word' id='word_1_351' title='bbox 3786 3507 3819 3546; x_wconf 71' lang='lat'><em>5</em></span> 
     </span>
     <span class='ocr_line' id='line_1_32' title="bbox 541 3534 3823 3686; baseline -0 -59"><span class='ocrx_word' id='word_1_352' title='bbox 541 3534 874 3686; x_wconf 40' lang='lat' dir='ltr'>affixam</span> <span class='ocrx_word' id='word_1_353' title='bbox 927 3553 1130 3628; x_wconf 85' lang='lat' dir='ltr'>verba</span> <span class='ocrx_word' id='word_1_354' title='bbox 1166 3554 1313 3627; x_wconf 87' lang='lat' dir='ltr'>sunt</span> <span class='ocrx_word' id='word_1_355' title='bbox 1359 3557 1597 3628; x_wconf 84' lang='lat' dir='ltr'>Huarti</span> <span class='ocrx_word' id='word_1_356' title='bbox 1624 3607 1649 3645; x_wconf 86' lang='lat'>‚</span> <span class='ocrx_word' id='word_1_357' title='bbox 1682 3581 1874 3657; x_wconf 74' lang='lat' dir='ltr'>quum</span> <span class='ocrx_word' id='word_1_358' title='bbox 1907 3561 2026 3631; x_wconf 85' lang='lat' dir='ltr'>duo</span> <span class='ocrx_word' id='word_1_359' title='bbox 2075 3565 2143 3628; x_wconf 85' lang='lat' dir='ltr'>in</span> <span class='ocrx_word' id='word_1_360' title='bbox 2170 3585 2239 3628; x_wconf 83' lang='lat' dir='ltr'>ea</span> <span class='ocrx_word' id='word_1_361' title='bbox 2274 3559 2456 3652; x_wconf 81' lang='lat' dir='ltr'>legati</span> <span class='ocrx_word' id='word_1_362' title='bbox 2481 3558 2706 3628; x_wconf 82' lang='lat' dir='ltr'>Gallici</span> <span class='ocrx_word' id='word_1_363' title='bbox 2745 3556 3086 3645; x_wconf 80' lang='lat' dir='ltr'>appellerent</span> <span class='ocrx_word' id='word_1_364' title='bbox 3113 3602 3138 3638; x_wconf 88' lang='lat'>,</span> <span class='ocrx_word' id='word_1_365' title='bbox 3195 3574 3473 3651; x_wconf 74' lang='lat' dir='ltr'>rogatum</span> <span class='ocrx_word' id='word_1_366' title='bbox 3497 3555 3823 3648; x_wconf 70' lang='lat' dir='ltr'>Ah‘bnsum</span> 
     </span>
     <span class='ocr_line' id='line_1_33' title="bbox 542 3651 3822 3750; baseline 0 -28"><span class='ocrx_word' id='word_1_367' title='bbox 542 3708 666 3750; x_wconf 62' lang='lat' dir='ltr'>mm</span> <span class='ocrx_word' id='word_1_368' title='bbox 699 3688 885 3745; x_wconf 69' lang='lat' dir='ltr'>odium</span> <span class='ocrx_word' id='word_1_369' title='bbox 929 3676 1151 3725; x_wconf 79' lang='lat' dir='ltr'>nonum</span> <span class='ocrx_word' id='word_1_370' title='bbox 1188 3677 1381 3749; x_wconf 81' lang='lat' dir='ltr'>regem</span> <span class='ocrx_word' id='word_1_371' title='bbox 1407 3703 1431 3742; x_wconf 81' lang='lat'>‚</span> <span class='ocrx_word' id='word_1_372' title='bbox 1482 3673 1561 3726; x_wconf 78' lang='lat' dir='ltr'>ut</span> <span class='ocrx_word' id='word_1_373' title='bbox 1597 3664 1720 3750; x_wconf 81' lang='lat' dir='ltr'>regi</span> <span class='ocrx_word' id='word_1_374' title='bbox 1763 3655 2021 3745; x_wconf 83' lang='lat' dir='ltr'>Philippo</span> <span class='ocrx_word' id='word_1_375' title='bbox 2055 3661 2123 3723; x_wconf 87' lang='lat' dir='ltr'>in</span> <span class='ocrx_word' id='word_1_376' title='bbox 2136 3662 2605 3725; x_wconf 76' lang='lat' dir='ltr'>matrimonium</span> <span class='ocrx_word' id='word_1_377' title='bbox 2650 3651 2948 3721; x_wconf 74' lang='lat' dir='ltr'>collocaret</span> <span class='ocrx_word' id='word_1_378' title='bbox 2980 3651 3344 3723; x_wconf 78' lang='lat' dir='ltr'>alterutram</span> <span class='ocrx_word' id='word_1_379' title='bbox 3368 3656 3653 3749; x_wconf 78' lang='lat' dir='ltr'>filiarum</span> <span class='ocrx_word' id='word_1_380' title='bbox 3667 3652 3822 3743; x_wconf 77' lang='lat' dir='ltr'>suet-</span> 
     </span>
     <span class='ocr_line' id='line_1_34' title="bbox 542 3744 3820 3848; baseline -0.003 -17"><span class='ocrx_word' id='word_1_381' title='bbox 542 3778 755 3831; x_wconf 73' lang='lat' dir='ltr'>Huarti</span> <span class='ocrx_word' id='word_1_382' title='bbox 926 3773 1070 3825; x_wconf 78' lang='lat' dir='ltr'>rum</span> <span class='ocrx_word' id='word_1_383' title='bbox 1094 3801 1116 3836; x_wconf 89' lang='lat'>,</span> <span class='ocrx_word' id='word_1_384' title='bbox 1166 3754 1455 3848; x_wconf 64' lang='lat' dir='ltr'>quarum:</span> <span class='ocrx_word' id='word_1_385' title='bbox 1477 3755 1676 3839; x_wconf 45' lang='lat' dir='ltr'>metior</span> <span class='ocrx_word' id='word_1_386' title='bbox 1710 3750 1920 3843; x_wconf 79' lang='lat' dir='ltr'>insigni</span> <span class='ocrx_word' id='word_1_387' title='bbox 1950 3752 2162 3841; x_wconf 74' lang='lat' dir='ltr'>somna</span> <span class='ocrx_word' id='word_1_388' title='bbox 2199 3779 2273 3822; x_wconf 83' lang='lat' dir='ltr'>ac</span> <span class='ocrx_word' id='word_1_389' title='bbox 2299 3750 2489 3842; x_wconf 72' lang='lat' dir='ltr'>specie</span> <span class='ocrx_word' id='word_1_390' title='bbox 2512 3746 2824 3839; x_wconf 66' lang='lat' dir='ltr'>praestabat</span> <span class='ocrx_word' id='word_1_391' title='bbox 2870 3744 2961 3833; x_wconf 52' lang='grc' dir='ltr'>ἓξ</span> <span class='ocrx_word' id='word_1_392' title='bbox 3005 3754 3238 3822; x_wconf 79' lang='lat' dir='ltr'>Urraca</span> <span class='ocrx_word' id='word_1_393' title='bbox 3284 3751 3601 3822; x_wconf 70' lang='lat' dir='ltr'>dicebatur</span> <span class='ocrx_word' id='word_1_394' title='bbox 3620 3801 3647 3838; x_wconf 84' lang='lat'>‚</span> <span class='ocrx_word' id='word_1_395' title='bbox 3692 3757 3820 3821; x_wconf 86' lang='lat' dir='ltr'>mi·</span> 
     </span>
     <span class='ocr_line' id='line_1_35' title="bbox 542 3842 3818 3949; baseline 0.002 -37"><span class='ocrx_word' id='word_1_396' title='bbox 542 3857 812 3947; x_wconf 38' lang='lat' dir='ltr'>narratio.</span> <span class='ocrx_word' id='word_1_397' title='bbox 928 3872 1036 3919; x_wconf 86' lang='lat' dir='ltr'>nor</span> <span class='ocrx_word' id='word_1_398' title='bbox 1072 3846 1246 3919; x_wconf 82' lang='lat' dir='ltr'>haud</span> <span class='ocrx_word' id='word_1_399' title='bbox 1271 3876 1441 3949; x_wconf 75' lang='lat' dir='ltr'>aeque</span> <span class='ocrx_word' id='word_1_400' title='bbox 1482 3850 1627 3921; x_wconf 67' lang='lat' dir='ltr'>beffa</span> <span class='ocrx_word' id='word_1_401' title='bbox 1665 3848 2034 3941; x_wconf 82' lang='lat' dir='ltr'>pulchraque</span> <span class='ocrx_word' id='word_1_402' title='bbox 2063 3848 2289 3917; x_wconf 76' lang='lat' dir='ltr'>Blanca</span> <span class='ocrx_word' id='word_1_403' title='bbox 2312 3845 2602 3919; x_wconf 80' lang='lat' dir='ltr'>audiebat</span> <span class='ocrx_word' id='word_1_404' title='bbox 2628 3872 2647 3911; x_wconf 92' lang='lat'>.·</span> <span class='ocrx_word' id='word_1_405' title='bbox 2677 3842 2873 3934; x_wconf 70' lang='lat' dir='ltr'>politi:</span> <span class='ocrx_word' id='word_1_406' title='bbox 2911 3844 3196 3918; x_wconf 72' lang='lat' dir='ltr'>ambabm</span> <span class='ocrx_word' id='word_1_407' title='bbox 3225 3852 3290 3919; x_wconf 87' lang='lat' dir='ltr'>in</span> <span class='ocrx_word' id='word_1_408' title='bbox 3326 3848 3626 3938; x_wconf 62' lang='lat' dir='ltr'>conspe-Sia</span> <span class='ocrx_word' id='word_1_409' title='bbox 3666 3846 3818 3944; x_wconf 77' lang='lat' dir='ltr'>lega-</span> 
     </span>
     <span class='ocr_line' id='line_1_36' title="bbox 541 3936 3819 4039; baseline 0 -22"><span class='ocrx_word' id='word_1_410' title='bbox 541 3936 781 3996; x_wconf 82' lang='lat' dir='ltr'>scrutm.</span> <span class='ocrx_word' id='word_1_411' title='bbox 927 3965 1134 4018; x_wconf 79' lang='lat' dir='ltr'>torum</span> <span class='ocrx_word' id='word_1_412' title='bbox 1164 3998 1184 4031; x_wconf 91' lang='lat'>,</span> <span class='ocrx_word' id='word_1_413' title='bbox 1224 3973 1592 4020; x_wconf 86' lang='lat' dir='ltr'>communem</span> <span class='ocrx_word' id='word_1_414' title='bbox 1616 3940 1805 4038; x_wconf 80' lang='lat' dir='ltr'>fusffe</span> <span class='ocrx_word' id='word_1_415' title='bbox 1853 3948 2121 4013; x_wconf 78' lang='lat' dir='ltr'>omnium</span> <span class='ocrx_word' id='word_1_416' title='bbox 2166 3950 2486 4032; x_wconf 80' lang='lat' dir='ltr'>opinionem</span> <span class='ocrx_word' id='word_1_417' title='bbox 2499 3992 2523 4031; x_wconf 86' lang='lat'>‚</span> <span class='ocrx_word' id='word_1_418' title='bbox 2585 3942 2802 4038; x_wconf 76' lang='lat' dir='ltr'>legatos</span> <span class='ocrx_word' id='word_1_419' title='bbox 2835 3949 2899 4013; x_wconf 89' lang='lat' dir='ltr'>in</span> <span class='ocrx_word' id='word_1_420' title='bbox 2957 3952 3251 4017; x_wconf 73' lang='lat' dir='ltr'>Urracam</span> <span class='ocrx_word' id='word_1_421' title='bbox 3278 3945 3657 4036; x_wconf 81' lang='lat' dir='ltr'>propensiores</span> <span class='ocrx_word' id='word_1_422' title='bbox 3703 3946 3819 4039; x_wconf 71' lang='lat' dir='ltr'>fh-</span> 
     </span>
     <span class='ocr_line' id='line_1_37' title="bbox 541 4018 3822 4159; baseline 0 -46"><span class='ocrx_word' id='word_1_423' title='bbox 541 4018 768 4159; x_wconf 39' lang='lat'>{7¹:3⁶3</span> <span class='ocrx_word' id='word_1_424' title='bbox 926 4058 1094 4116; x_wconf 82' lang='lat' dir='ltr'>turos</span> <span class='ocrx_word' id='word_1_425' title='bbox 1112 4097 1132 4130; x_wconf 90' lang='lat'>,</span> <span class='ocrx_word' id='word_1_426' title='bbox 1175 4053 1385 4142; x_wconf 84' lang='lat' dir='ltr'>quippe</span> <span class='ocrx_word' id='word_1_427' title='bbox 1419 4052 1557 4143; x_wconf 78' lang='lat' dir='ltr'>q&#39;uae</span> <span class='ocrx_word' id='word_1_428' title='bbox 1602 4039 1691 4127; x_wconf 57' lang='grc' dir='ltr'>ἓξ</span> <span class='ocrx_word' id='word_1_429' title='bbox 1704 4047 2052 4134; x_wconf 61' lang='lat' dir='ltr'>primigenia</span> <span class='ocrx_word' id='word_1_430' title='bbox 2076 4038 2235 4136; x_wconf 65' lang='lat' dir='ltr'>effert,</span> <span class='ocrx_word' id='word_1_431' title='bbox 2268 4036 2358 4124; x_wconf 57' lang='grc' dir='ltr'>ἓξ</span> <span class='ocrx_word' id='word_1_432' title='bbox 2368 4040 2634 4129; x_wconf 86' lang='lat' dir='ltr'>sororem</span> <span class='ocrx_word' id='word_1_433' title='bbox 2681 4048 2906 4138; x_wconf 77' lang='lat' dir='ltr'>egregia</span> <span class='ocrx_word' id='word_1_434' title='bbox 2910 4048 3120 4134; x_wconf 77' lang='lat' dir='ltr'>forma</span> <span class='ocrx_word' id='word_1_435' title='bbox 3148 4061 3333 4141; x_wconf 82' lang='lat' dir='ltr'>atque</span> <span class='ocrx_word' id='word_1_436' title='bbox 3353 4044 3662 4115; x_wconf 82' lang='lat' dir='ltr'>excellenti</span> <span class='ocrx_word' id='word_1_437' title='bbox 3695 4066 3822 4115; x_wconf 84' lang='lat' dir='ltr'>cor-</span> 
     </span>
     <span class='ocr_line' id='line_1_38' title="bbox 539 4115 3823 4258; baseline 0.001 -47"><span class='ocrx_word' id='word_1_438' title='bbox 539 4115 710 4258; x_wconf 45' lang='lat' dir='ltr'><strong>ppfn·</strong></span> <span class='ocrx_word' id='word_1_439' title='bbox 744 4134 816 4251; x_wconf 74' lang='lat'>5⁰0</span> <span class='ocrx_word' id='word_1_440' title='bbox 827 4191 875 4232; x_wconf 54' lang='grc' dir='ltr'>Ι,</span> <span class='ocrx_word' id='word_1_441' title='bbox 917 4143 1072 4232; x_wconf 68' lang='lat' dir='ltr'>pvrtk</span> <span class='ocrx_word' id='word_1_442' title='bbox 1108 4144 1460 4215; x_wconf 77' lang='lat' dir='ltr'>habitudine</span> <span class='ocrx_word' id='word_1_443' title='bbox 1486 4141 1661 4212; x_wconf 66' lang='lat' dir='ltr'>nimis</span> <span class='ocrx_word' id='word_1_444' title='bbox 1702 4155 2004 4236; x_wconf 76' lang='lat' dir='ltr'>quantmn</span> <span class='ocrx_word' id='word_1_445' title='bbox 2049 4145 2324 4211; x_wconf 84' lang='lat' dir='ltr'>anteiret.</span> <span class='ocrx_word' id='word_1_446' title='bbox 2400 4139 2475 4210; x_wconf 89' lang='lat' dir='ltr'><em>V</em></span> <span class='ocrx_word' id='word_1_447' title='bbox 2464 4166 2641 4211; x_wconf 82' lang='lat' dir='ltr'>erum</span> <span class='ocrx_word' id='word_1_448' title='bbox 2674 4164 2817 4211; x_wconf 69' lang='lat' dir='ltr'>cam</span> <span class='ocrx_word' id='word_1_449' title='bbox 2847 4164 3055 4212; x_wconf 86' lang='lat' dir='ltr'>nomen</span> <span class='ocrx_word' id='word_1_450' title='bbox 3096 4146 3144 4209; x_wconf 89' lang='lat' dir='ltr'>ii</span> <span class='ocrx_word' id='word_1_451' title='bbox 3166 4140 3486 4239; x_wconf 78' lang='lat' dir='ltr'>utriusque</span> <span class='ocrx_word' id='word_1_452' title='bbox 3504 4128 3823 4231; x_wconf 61' lang='lat' dir='ltr'>intelletiss</span> 
     </span>
     <span class='ocr_line' id='line_1_39' title="bbox 913 4234 3819 4332; baseline 0.002 -24"><span class='ocrx_word' id='word_1_453' title='bbox 913 4239 1054 4328; x_wconf 87' lang='lat' dir='ltr'>sent</span> <span class='ocrx_word' id='word_1_454' title='bbox 1078 4287 1099 4320; x_wconf 86' lang='lat'>,</span> <span class='ocrx_word' id='word_1_455' title='bbox 1138 4239 1280 4312; x_wconf 83' lang='lat' dir='ltr'>adeo</span> <span class='ocrx_word' id='word_1_456' title='bbox 1310 4267 1454 4313; x_wconf 87' lang='lat' dir='ltr'>voce</span> <span class='ocrx_word' id='word_1_457' title='bbox 1493 4240 1602 4310; x_wconf 86' lang='lat' dir='ltr'>illa</span> <span class='ocrx_word' id='word_1_458' title='bbox 1632 4245 1863 4309; x_wconf 80' lang='lat' dir='ltr'>Urraca</span> <span class='ocrx_word' id='word_1_459' title='bbox 1888 4234 2343 4332; x_wconf 74' lang='lat' dir='ltr'>offendebantur</span> <span class='ocrx_word' id='word_1_460' title='bbox 2367 4290 2391 4325; x_wconf 89' lang='lat'>,</span> <span class='ocrx_word' id='word_1_461' title='bbox 2422 4258 2500 4310; x_wconf 85' lang='lat' dir='ltr'>ut</span> <span class='ocrx_word' id='word_1_462' title='bbox 2526 4241 2811 4310; x_wconf 78' lang='lat' dir='ltr'>Blanemn</span> <span class='ocrx_word' id='word_1_463' title='bbox 2841 4237 3179 4332; x_wconf 73' lang='lat' dir='ltr'>seligerent,</span> <span class='ocrx_word' id='word_1_464' title='bbox 3214 4237 3502 4311; x_wconf 57' lang='lat' dir='ltr'>ditiantes</span> <span class='ocrx_word' id='word_1_465' title='bbox 3519 4290 3544 4327; x_wconf 87' lang='lat'>‚</span> <span class='ocrx_word' id='word_1_466' title='bbox 3586 4239 3693 4313; x_wconf 83' lang='lat' dir='ltr'>boc</span> <span class='ocrx_word' id='word_1_467' title='bbox 3716 4265 3819 4312; x_wconf 82' lang='lat' dir='ltr'>no-</span> 
     </span>
    </p>
   </div>
   <div class='ocr_carea' id='block_1_9' title="bbox 928 4331 3130 4437">
    <p class='ocr_par' dir='ltr' id='par_1_11' title="bbox 928 4331 3130 4437">
     <span class='ocr_line' id='line_1_40' title="bbox 928 4331 3130 4437; baseline -0.003 -30"><span class='ocrx_word' id='word_1_468' title='bbox 928 4337 1102 4407; x_wconf 66' lang='lat' dir='ltr'>mimis</span> <span class='ocrx_word' id='word_1_469' title='bbox 1140 4343 1206 4407; x_wconf 92' lang='lat' dir='ltr'>in</span> <span class='ocrx_word' id='word_1_470' title='bbox 1248 4340 1453 4411; x_wconf 82' lang='lat' dir='ltr'>Gallia</span> <span class='ocrx_word' id='word_1_471' title='bbox 1480 4342 1669 4429; x_wconf 83' lang='lat' dir='ltr'>priori</span> <span class='ocrx_word' id='word_1_472' title='bbox 1712 4335 1907 4407; x_wconf 79' lang='lat' dir='ltr'>multo</span> <span class='ocrx_word' id='word_1_473' title='bbox 1952 4345 2237 4429; x_wconf 74' lang='lat' dir='ltr'>acceptius</span> <span class='ocrx_word' id='word_1_474' title='bbox 2277 4344 2638 4437; x_wconf 72' lang='lat' dir='ltr'>gratiusque</span> <span class='ocrx_word' id='word_1_475' title='bbox 2647 4338 2950 4429; x_wconf 77' lang='lat' dir='ltr'>futurum</span> <span class='ocrx_word' id='word_1_476' title='bbox 3004 4331 3130 4426; x_wconf 71' lang='lat' dir='ltr'>effe.</span> 
     </span>
    </p>
   </div>
   <div class='ocr_carea' id='block_1_10' title="bbox 540 4518 3821 4738">
    <p class='ocr_par' dir='ltr' id='par_1_12' title="bbox 540 4518 3821 4738">
     <span class='ocr_line' id='line_1_41' title="bbox 540 4518 3821 4656; baseline -0.003 -44"><span class='ocrx_word' id='word_1_477' title='bbox 540 4518 835 4656; x_wconf 49' lang='grc' dir='ltr'>ἐξὲᾟη·</span> <span class='ocrx_word' id='word_1_478' title='bbox 1135 4530 1308 4622; x_wconf 75' lang='lat' dir='ltr'>Qis</span> <span class='ocrx_word' id='word_1_479' title='bbox 1351 4531 1552 4606; x_wconf 72' lang='lat' dir='ltr'>nestit</span> <span class='ocrx_word' id='word_1_480' title='bbox 1582 4584 1604 4620; x_wconf 89' lang='lat'>‚</span> <span class='ocrx_word' id='word_1_481' title='bbox 1664 4522 1932 4607; x_wconf 59' lang='lat' dir='ltr'>nomer}i</span> <span class='ocrx_word' id='word_1_482' title='bbox 1966 4532 2230 4605; x_wconf 84' lang='lat' dir='ltr'>Hem-ici</span> <span class='ocrx_word' id='word_1_483' title='bbox 2281 4532 2473 4604; x_wconf 87' lang='lat' dir='ltr'>hodie</span> <span class='ocrx_word' id='word_1_484' title='bbox 2526 4533 2592 4601; x_wconf 87' lang='lat' dir='ltr'>in</span> <span class='ocrx_word' id='word_1_485' title='bbox 2642 4526 2849 4601; x_wconf 84' lang='lat' dir='ltr'>Gallia</span> <span class='ocrx_word' id='word_1_486' title='bbox 2890 4524 3112 4601; x_wconf 81' lang='lat' dir='ltr'>infelix</span> <span class='ocrx_word' id='word_1_487' title='bbox 3153 4528 3374 4603; x_wconf 87' lang='lat' dir='ltr'>haberi</span> <span class='ocrx_word' id='word_1_488' title='bbox 3398 4583 3420 4617; x_wconf 85' lang='lat'>,</span> <span class='ocrx_word' id='word_1_489' title='bbox 3463 4531 3556 4604; x_wconf 93' lang='lat' dir='ltr'>ob</span> <span class='ocrx_word' id='word_1_490' title='bbox 3604 4532 3821 4626; x_wconf 71' lang='lat' dir='ltr'>Reges</span> 
     </span>
     <span class='ocr_line' id='line_1_42' title="bbox 553 4625 3804 4738; baseline -0.004 -26"><span class='ocrx_word' id='word_1_491' title='bbox 553 4677 722 4738; x_wconf 57' lang='lat' dir='ltr'>pm„</span> <span class='ocrx_word' id='word_1_492' title='bbox 745 4680 820 4738; x_wconf 78' lang='lat'>11.</span> <span class='ocrx_word' id='word_1_493' title='bbox 920 4630 1113 4729; x_wconf 74' lang='lat' dir='ltr'>hujus</span> <span class='ocrx_word' id='word_1_494' title='bbox 1136 4633 1413 4707; x_wconf 81' lang='lat' dir='ltr'>nominis</span> <span class='ocrx_word' id='word_1_495' title='bbox 1438 4628 1763 4706; x_wconf 65' lang='lat' dir='ltr'>infelices?</span> <span class='ocrx_word' id='word_1_496' title='bbox 1788 4629 2224 4708; x_wconf 76' lang='lat' dir='ltr'>Memorabile</span> <span class='ocrx_word' id='word_1_497' title='bbox 2267 4629 2358 4699; x_wconf 85' lang='lat' dir='ltr'>est</span> <span class='ocrx_word' id='word_1_498' title='bbox 2396 4678 2423 4715; x_wconf 86' lang='lat'>‚</span> <span class='ocrx_word' id='word_1_499' title='bbox 2488 4626 2666 4719; x_wconf 78' lang='lat' dir='ltr'>quod</span> <span class='ocrx_word' id='word_1_500' title='bbox 2693 4625 2774 4697; x_wconf 85' lang='lat' dir='ltr'>de</span> <span class='ocrx_word' id='word_1_501' title='bbox 2818 4626 3019 4699; x_wconf 76' lang='lat' dir='ltr'>Paulo</span> <span class='ocrx_word' id='word_1_502' title='bbox 3064 4630 3149 4702; x_wconf 84' lang='grc' dir='ltr'>Π.</span> <span class='ocrx_word' id='word_1_503' title='bbox 3210 4627 3804 4720; x_wconf 80' lang='lat' dir='ltr'>Pontifice‚Vene-</span> 
     </span>
    </p>
   </div>
   <div class='ocr_carea' id='block_1_11' title="bbox 3671 4746 3823 4815">
    <p class='ocr_par' dir='ltr' id='par_1_13' title="bbox 3671 4746 3823 4815">
     <span class='ocr_line' id='line_1_43' title="bbox 3671 4746 3823 4815; baseline 0 -13"><span class='ocrx_word' id='word_1_504' title='bbox 3671 4746 3823 4815; x_wconf 67' lang='lat' dir='ltr'>to,</span> 
     </span>
    </p>
   </div>
  </div>
 </body>
</html>
