4188 5670
1093 310 1876 392 Βιαοιτοις
1994 304 2259 387 C‘Ar.
2358 312 2571 428 IX.3
2730 376 2735 380 -
3142 337 3339 410 ,99

367 496 547 572 mbr}
600 493 733 590 ipsis
776 483 1064 567 sanandis
1091 544 1116 582 ‚
1149 511 1299 570 tum
1341 493 1616 568 deinum
1665 489 1748 565 de
1785 494 1937 567 alitis.
2068 494 2284 588 Atque
2348 496 2455 568 hic
2490 488 2946 568 mutuabimur
2988 515 3145 570 ante
3189 522 3333 572 om·
3375 501 3429 553 1.
3470 496 3694 581 cmgfit

386 595 495 670 nia
555 595 595 666 ὲ
677 595 758 668 R.
818 591 1134 688 Cartefio
1187 595 1348 668 illud
1412 645 1437 682 ,
1497 617 1634 688 quo
1673 590 1803 685 ipse
1885 590 2189 666 adversus
2255 593 2634 687 praejudicia
2677 590 2844 683 {usus
2911 593 3001 665 est
3040 645 3067 681 ,
3120 620 3329 669 reme·
3371 582 3668 640 '‘m‘⁴⁷¹³”'”

395 693 604 765 diurn.
705 685 1134 766 Existimabat
1178 697 1355 768 enim
1399 693 1504 764 vir
1554 710 1816 779 acutus,
1854 692 2009 765 nihil
2040 689 2132 762 ud
2166 692 2332 765 hanc
2376 717 2515 765 rem
2560 692 3116 764 accommodatius
3171 691 3319 782 e‘se,
3369 660 3646 802 ‘'gfff-“-

446 813 606 862 uam
642 786 691 861 fi
741 792 885 884 quis
938 788 1132 865 Ieme!
1178 793 1248 862 in
1294 795 1436 864 vita
1498 787 1807 863 omnibus
1854 792 1936 864 de
2001 784 2199 860 rebus
2249 789 2510 865 dubitet
2555 840 2578 877 ,
2622 811 2703 861 ut
2750 785 3014 882 fingulis
3070 791 3323 880 judiciis
3365 756 3686 886 femledrucx

395 816 525 960 Eris
571 887 801 983 postea
861 887 1087 963 debito
1121 889 1382 963 ordine
1408 885 1823 961 ‘examinatis
1850 941 1872 976 ‚
1938 912 2015 959 ea
2067 904 2331 960 tantum
2400 890 2666 982 recipiat
2720 937 2742 973 ‚
2786 912 2939 979 quae
2997 887 3191 961 clarae
3258 892 3323 962 &
3369 908 3688 987 quoqueest

397 987 723 1060 distincita:
780 990 1188 1082 perceptioni
1232 1038 1257 1075 ‚
1309 989 1351 1060 i.
1421 1013 1477 1059 e.
1528 983 1730 1059 solido
1789 985 2218 1060 fiandamento
2269 986 2423 1060 sunt
2480 984 2924 1080 superstructa.
3022 987 3128 1059 Ita
3171 985 3320 1058 sane
3373 1003 3565 1045 contra
3611 997 3710 1049 Lo-

396 1085 742 1186 dnbitempa
761 1082 956 1175 semel
966 1094 1051 1184 ὶηζΙ
1089 1094 1228 1184 vitq
1275 1085 1352 1156 de
1397 1082 1935 1174 controverfianmt
1959 1136 1982 1172 ‚
2004 1110 2141 1184 quae
2177 1085 2341 1157 nobis
2378 1112 2520 1159 cum
2545 1079 2798 1172 eruditis
2831 1102 2947 1154 aut
2987 1080 3318 1176 interceffe-
3355 1070 3707 1206 {ffimffhfm

389 1202 546 1256 runt
579 1183 913 1283 aliquando
931 1235 954 1270 ,
1000 1201 1117 1255 aut
1167 1183 1547 1256 intercedant
1591 1189 1937 1258 etiamnunc
1956 1235 1981 1270 ‚
2023 1190 2289 1256 veritate
2330 1203 2441 1258 aut
2479 1189 2842 1279 gravitate.-
2909 1181 3311 1270 dubitemus,
3375 1166 3651 1293 affixi„

395 1299 628 1354 utrum
677 1307 797 1354 nos
872 1279 1388 1354 adversariorum
1419 1331 1443 1368 ‚
1494 1306 1578 1352 an
1631 1280 1918 1354 nostram
1983 1279 2328 1354 adversarii
2373 1280 2759 1353 sententiam
2802 1275 3014 1372 probe
3073 1283 3317 1354 intelle-
3595 1256 3670 1299 ω’

394 1381 616 1453 xerint
636 1408 663 1464 ‚-
716 1379 998 1453 fiacritne
1040 1376 1341 1452 diffensus
1403 1377 1619 1451 noster
1654 1429 1678 1465 ,
1741 1378 1809 1450 in
1871 1405 1941 1452 re
2025 1403 2114 1450 an
2152 1393 2415 1451 tantum
2464 1380 2537 1452 in*
2582 1375 2799 1451 verbis
2839 1428 2864 1465 ,
2921 1398 3041 1470 aut
3091 1377 3316 1452 saltem

285 1549 294 1558 ,
389 1496 704 1552 tantusne
738 1477 934 1551 fuerit
977 1479 1047 1550 in
1103 1503 1197 1565 re,
1242 1497 1568 1574 quantum
1622 1472 1824 1550 verba
1883 1477 2099 1551 nostra
2156 1502 2296 1571 prae
2357 1476 2420 1549 se
2470 1476 2652 1564 ferre:
2672 1474 3066 1550 videbantur
3116 1504 3135 1548 ε
3173 1478 3318 1551 nul-

391 1575 539 1650 lane
587 1573 906 1651 subfuerit
923 1627 949 1665 ,
1001 1573 1052 1649 fi
1097 1602 1234 1650 non
1275 1572 1439 1672 pura
1460 1626 1484 1663 ‚
1537 1597 1707 1649 certe
1750 1571 1962 1650 mi‘xta
2007 1570 2448 1674 Logomachia
2468 1575 2506 1650 ἲ

3198 1743 3206 1752 0

627 1775 866 1870 Neque
917 1798 1079 1846 vero
1151 1775 1254 1847 hic
1299 1794 1597 1868 unquam
1677 1770 1870 1870 nobis
1942 1772 2149 1845 deerit
2205 1768 2550 1845 dubitandi
2618 1768 2824 1844 mussa
2842 1755 2893 1861 ,χ
2913 1797 3049 1845 non
3114 1773 3321 1848 modo
3351 1754 3496 1912 1272?
3521 1752 3626 1892 ΔΖΓ,

387 1895 552 1948 curn
593 1874 702 1946 ina
733 1923 759 1961 ,
800 1874 882 1944 de
920 1869 1162 1966 quibus
1211 1870 1518 1966 superiori
1575 1873 1785 1965 capite
1833 1871 2082 1965 egimus
2135 1921 2159 1957 ,
2233 1872 2820 1965 Logomachiarum
2859 1872 3319 1945 animadverti·
3365 1916 3661 1976 dubitandi

385 1993 549 2044 mus
590 1968 802 2065 signa,
840 1990 961 2042 aut
1010 1968 1307 2042 univer&
1329 2021 1352 2056 ‚
1439 1991 1554 2043 aut
1595 1971 1829 2066 plura,
1867 1988 1997 2042 aut
2049 1967 2345 2064 smgula3
2389 1967 2498 2041 sed
2549 1987 2697 2041 tum
2746 1970 2985 2055 etiam,
3038 1968 3154 2041 ubi
3177 1972 3319 2042 nul·
3362 1998 3558 2077 cans-e.

391 2068 548 2139 lum
603 2069 844 2139 horum
896 2087 1189 2160 apparet.
1296 2068 1598 2140 Vidimus
1637 2119 1661 2155 ,
1704 2089 1874 2163 quot
1938 2092 2091 2139 cum
2128 2068 2197 2139 in
2247 2068 2479 2162 linguis
2541 2087 2692 2139 tum
2766 2068 2837 2139 in
2902 2063 3094 2139 nobis
3170 2066 3319 2162 ipsis

391 2166 656 2238 lateant
848 2165 1287 2237 omachiarum
1329 2164 1559 2240 oeuffae
1612 2172 1657 2248 3⁸
1675 2190 1875 2261 quam
1920 2163 2121 2239 facilis
2174 2162 2257 2238 fit
2297 2169 2366 2238 in
2413 2191 2518 2238 eas
2568 2162 2775 2259 lapsus
2820 2216 2845 2254 ,
2910 2190 3113 2260 quam
3173 2193 3311 2240 non

373 2265 742 2357 ‘potuerint
828 2260 924 2334 lbi
974 2260 1060 2334 ab
1102 2265 1221 2334 inis
1271 2287 1500 2338 cavere
1547 2261 1898 2338 doctiffimi
1956 2265 2294 2344 homines;
2341 2289 2542 2357 quam
2563 2264 2690 2336 late
2731 2286 2997 2358 pateant
3048 2316 3072 2352 ,
3116 2290 3318 2358 quam

383 2362 600 2434 varice
651 2358 779 2433 fint
824 2384 1052 2432 earum
1107 2361 1340 2456 species
1355 2392 1384 2448 ,-
1441 2369 1784 2460 quousque
1821 2362 1992 2457 saepe
2023 2360 2439 2458 promiserint
2457 2391 2484 2447 ,-
2540 2384 2864 2457 quantum
2918 2388 3036 2457 per
3089 2388 3316 2436 omnes

386 2479 559 2533 artes
609 2483 686 2531 ac
722 2457 1079 2553 disciplinas
1118 2453 1593 2538 diffundantur.

586 2656 737 2751 jam
778 2681 981 2750 porro
1025 2655 1504 2732 confideremus
1527 2709 1549 2743 ‚
1599 2683 1731 2754 qua
1781 2659 1996 2733 aetatis
2066 2654 2450 2733 infirmitate
2525 2662 2595 2731 in
2668 2660 3003 2753 plerasque
3055 2662 3319 2733 contross

393 2752 629 2847 verfias
677 2757 969 2850 primum
1014 2758 1427 2828 inciderimus
1454 2756 1489 2828 ?
1522 2758 1788 2849 quando
1834 2757 2122 2850 primum
2164 2756 2577 2827 didicerimus
2619 2757 3127 2831 adversariorum
3174 2758 3316 2830 noss

397 2874 654 2927 trorum
710 2855 1110 2941 sententias,
1164 2854 1429 2949 quando
1477 2856 1865 2948 coeperimus
1919 2878 2032 2926 eos
2100 2852 2521 2948 impugnare,
2571 2874 2765 2951 atque
2802 2856 3050 2931 odiffe?
3090 2883 3312 2932 annon

390 2978 470 3025 eo
525 2977 854 3049 tempore
896 2955 963 3025 id
1031 2955 1418 3049 contigerit,
1485 2978 1622 3047 quo
1661 3000 1688 3040 ,
1746 2953 1951 3025 verba
2010 2953 2318 3046 quaedam
2371 2974 2487 3026 aut
2543 2952 2802 3028 confuse
2856 2978 2972 3031 aut
3048 2957 3308 3053 prorsus

387 3077 532 3122 non
575 3052 894 3124 inteilecta
938 3054 1255 3124 memoria
1298 3072 1557 3139 tenere,
1601 3071 1748 3124 tom
1797 3050 2016 3124 nostra
2049 3048 2247 3125 fuerit
2294 3054 2574 3127 eruditio
2630 3053 2664 3126 ἲ
2710 3080 2930 3128 annon
2995 3059 3150 3129 odio
3194 3058 3307 3125 ha-

395 3145 762 3230 buerimus·
788 3174 937 3220 eum
961 3201 984 3236 ‚
1026 3151 1291 3243 quicum
1358 3150 1758 3243 disputamus
1782 3200 1806 3243 ,
1855 3169 2207 3242 antequam
2258 3151 2397 3241 ejus
2441 3150 2823 3227 sententiam
2888 3159 3060 3226 redte
3120 3152 3307 3224 intel-

391 3245 747 3317 lexerimus
769 3295 795 3332 ‚
856 3267 969 3318 aut
1008 3248 1362 3343 intelligere
1405 3247 1875 3341 potuerimus?
1930 3271 2017 3319 an
2055 3245 2441 3320 sententiam
2499 3251 2842 3323 adversarii
2893 3249 2979 3321 ab
3025 3247 3163 3340 ipso
3193 3247 3305 3318 ad-

383 3341 676 3427 vertario
695 3396 720 3433 ‚
773 3369 858 3417 an
922 3365 1179 3418 tantum
1236 3348 1273 3417 a
1312 3366 1715 3443 praeceptore
1789 3343 2010 3417 nostro
2040 3388 2064 3428 ,
2107 3342 2472 3416 adversario
2534 3348 2739 3432 illius,
2799 3348 3086 3436 primum
3138 3345 3297 3416 didi-

390 3444 711 3530 cerimus,
764 3444 878 3537 qui
911 3444 1140 3538 &ipse
1203 3467 1352 3517 eam
1398 3441 1570 3515 forte
1625 3444 1662 3512 ὲ
1711 3438 1836 3515 suo*
1886 3456 2293 3533 praeceptore
2336 3445 2651 3534 acceperit
2688 3442 2723 3512 ἲ
2785 3465 2871 3512 an
2959 3443 3298 3536 legerimus

381 3538 508 3636 ipfi
554 3541 890 3614 adversarii
932 3541 1131 3616 nostri
1176 3541 1406 3635 scripta
1428 3593 1452 3630 ‚
1504 3543 1570 3614 ἃ
1616 3536 1669 3611 fi
1714 3541 1989 3635 legimus
2011 3586 2035 3623 ‚
2088 3560 2174 3607 an
2227 3554 2475 3609 attente
2507 3588 2530 3625 ,
2575 3564 2661 3613 an
2714 3535 2848 3610 fine
2911 3541 3298 3634 praejudiciis

380 3664 458 3713 ac
515 3636 770 3713 finistro
819 3635 1058 3729 affectu
1107 3640 1173 3713 id
1231 3640 1571 3713 fecerimus
1588 3636 1624 3710 ,9
1684 3663 1769 3712 an
1839 3660 2084 3737 omnes
2119 3631 2282 3708 boni
2324 3636 2687 3732 interpretis
2734 3660 2946 3733 partes
2994 3640 3300 3733 impleve-

377 3742 658 3812 rimus?
704 3739 786 3812 de
840 3738 1080 3835 quibus
1127 3736 1422 3832 pluribus
1466 3737 1656 3812 nobis
1708 3740 1779 3810 in
1831 3729 2249 3835 sequentibus
2302 3737 2427 3808 erit
2463 3737 2829 3809 dicendum.
2940 3737 3305 3833 Perp'nda.

377 3862 535 3910 mus
578 3858 944 3932 practerea,
1002 3860 1207 3931 quam
1252 3833 1514 3910 difficile
1578 3833 1683 3924 fit,
1706 3835 1812 3909 vel
1867 3858 2067 3921 nunc,
2113 3832 2500 3909 confirmata
2530 3855 2726 3910 aetate
2764 3886 2786 3922 ‚
2835 3834 2973 3928 ejus
3016 3860 3305 3912 mentem

378 3935 743 4031 intelligere
773 3988 799 4023 ,
851 3955 1082 4010 contra
1129 3959 1327 4029 quem
1370 3959 1508 4007 non
1548 3935 1672 4007 rite
1731 3933 2135 4007 intellectum
2177 3934 2526 4029 aliquando
2566 3982 2590 4024 ‚
2642 3939 2781 4007 imo
2832 3935 2937 4017 vel
2995 3936 3185 4033 semei
3238 3942 3309 4011 in

381 4037 553 4122 vim,
602 4030 1074 4129 disputavimus
1111 4061 1134 4117 3
1165 4030 1544 4129 praesertim
1623 4029 1675 4104 fi
1715 4034 1784 4106 id
1836 4030 2094 4126 publice
2154 4027 2402 4129 factum
2450 4033 2542 4106 est
2588 4061 2611 4115 3
2656 4034 2843 4126 cujus
2902 4039 3184 4108 auctoris
3236 4065 3310 4109 o-

383 4134 573 4205 dium
594 4184 625 4223 ‚
681 4153 1061 4207 contemtus
1085 4183 1110 4220 ‚
1155 4132 1481 4207 fastidium
1538 4127 1859 4224 praeceffit
1912 4129 2404 4222 intelligentiam
2461 4161 2489 4217 ς
2539 4156 2740 4227 quam
2790 4129 3054 4209 difficile
3097 4186 3121 4222 ,
3170 4132 3248 4210 fit
3280 4187 3306 4223 ,

387 4228 631 4396 llibrum
676 4232 1030 4328 intelligere
1062 4281 1087 4319 ,
1142 4255 1344 4326 quem
1369 4230 1660 4322 ,legimus
1674 4256 1702 4313 ,·
1774 4230 1928 4324 quia
1971 4227 2156 4299 illum
2191 4229 2472 4325 refiltare
2509 4232 2817 4325 volumus
2842 4281 2868 4318 ‚
2954 4254 3309 4326 antequam
3364 4282 3377 4292 -

415 4352 678 4423 chmus.
2155 4398 2189 4411 ῃ

634 4430 808 4519 Haec
835 4432 902 4502 &
926 4429 1052 4501 alia
1083 4427 1369 4521 quicum
1399 4422 1628 4499 annno
1651 4422 1767 4498 suo
1809 4428 2083 4520 cogitat,
2123 4426 2437 4504 fatebitur
2462 4430 2634 4501 cauti
2656 4431 2722 4500 &
2752 4429 3083 4519 prudentis
3139 4427 3258 4501 effe
3279 4480 3308 4517 ‚

373 4522 694 4601 dubitare
749 4526 1242 4620 aliquandiu-de
1292 4527 1592 4600 omnium
1613 4576 1637 4612 ,
1687 4526 1757 4597 in
1805 4534 1965 4619 quas
2011 4527 2364 4627 aliquando
2409 4542 2561 4597 cum
2611 4523 2981 4621 adversariis
3054 4520 3186 4590 suis·
3212 4528 3312 4594 in-

379 4627 537 4702 cidit
553 4678 580 4719 ,
639 4622 1177 4722 {dispmaticnum
1240 4644 1634 4701 momentoz
1684 4626 1832 4699 tum
1884 4626 2216 4798 ver1pI‚0iis
2279 4648 2433 4721 quae
2517 4622 2845 4719 graviores
2916 4617 3225 4799 vident?
3279 4671 3308 4706 ,

2127 4742 2176 4803 2
2860 4764 2867 4769 ’
3222 4734 3322 4786 re·
