4188 5670
1086 218 2567 309 ΡιῖιὶόὲὸιίιιεῑΡΑιι-ιιαιυε.
3209 255 3338 327 193

443 394 973 485 v1.1.0‹':us-rei
1005 430 1143 482 non
1170 406 1284 486 ³·est
1316 408 1446 532 ipst
1487 413 1583 487 rei
1635 408 2513 487 extensio..

447 511 633 584 VII.
688 512 948 583 Natura
999 506 1358 583 abhorret
1336 535 1631 584 evacuo.
1695 514 1941 585 Gravia
2003 532 2301 584 centrum
2332 531 2700 606 appetunt:
2745 535 2956 603 neque
2991 514 3233 602 quiite.
3265 517 3370 588 lo

536 606 828 705 quunt'ur
859 605 1196 699 sugillandi
1224 607 1408 694 sunt,
1455 610 1773 704 tanquam
1815 631 2082 705 cogitat:
2097 638 2241 683 mes
2279 608 2663 705 corporibus
2702 607 3083 681 tribuentes,

427 710 661 785 VIII.
716 707 1045 781 Sententia
1091 709 1420 801 Theologi
1461 708 1628 780 illius
1669 711 1888 801 Angli
1933 712 2022 782 H.
2077 713 2178 782 Μ.
2238 735 2367 803 qua
2416 708 2749 782 contendit
2781 706 2987 799 spatia
3032 712 3372 801 corporibus

531 831 735 880 vacua
773 806 988 876 divina
1040 804 1267 895 extens
1261 831 1368 877 one
1408 808 1662 899 impleri,
1713 803 1990 879 absurda
2035 808 2127 879 est
2167 809 2228 879 ἃ
2259 808 2409 880 Deo
2452 809 2735 900 indigna.

429 910 574 982 IX.
627 904 707 976 In
762 901 939 973 dolio
973 928 1187 975 vacuo
1236 906 1625 975 tantundem
1668 904 1758 976 est
1802 906 2094 978 materiae
2156 926 2354 999 atque
2403 908 2472 977 in
2522 906 2737 1013 pleno.

430 1007 525 1078 V.
590 1000 855 1097 Singula
903 1025 1232 1095 corpora·
1233 1000 1381 1085 sunt
1433 1002 1502 1075 in
1548 1002 1782 1083 loco,
1800 1003 2097 1085 universa
2144 1030 2281 1075 non
2325 1002 2490 1075 sunt.
2552 1054 2557 1063 -

429 1104 572 1176 VI.
639 1100 830 1172 Circa
869 1098 1256 1194 principium
1309 1102 1541 1173 mundi
1595 1100 2008 1189 Aristoteles,
2065 1102 2154 1175 cir
2161 1116 2234 1172 ca
2296 1101 2457 1175 fines
2523 1102 2663 1187 ejus
2715 1096 3041 1170 Cartefius
3098 1104 3361 1174 erravit.

432 1202 627 1277 XII.
687 1199 768 1272 In
816 1217 1110 1270 extrema
1157 1201 1388 1271 mundi
1458 1195 1792 1294 superficie
1851 1225 2064 1296 neque
2120 1202 2268 1295 pori
2317 1199 2465 1273 sunt
2528 1223 2744 1289 neque
2795 1197 3076 1286 hiams,
3155 1224 3367 1294 neque

537 1318 800 1374 montes
866 1318 1079 1388 neque
1125 1297 1344 1371 valles.
3484 1294 3493 1305 ‘

433 1396 864 1474 X111.A‹÷r
911 1397 1125 1492 gravis
1196 1395 1330 1483 est,
1349 1398 1544 1491 qula
1579 1396 1748 1470 levis
1795 1399 1927 1472 est.
1980 1415 2194 1493 neque
2250 1416 2475 1472 tamen
2518 1393 2786 1488 vulgare
2841 1393 3378 1486 experimentum

481 1568 488 1575 ‚
498 1496 769 1571 vefioee
801 1496 979 1585 aeris
1019 1497 1407 1615 gravitatem
1484 1493 1743 1591 probat.
1799 1566 1846 1581 ,,

434 1597 662 1670 XIV.
691 1582 963 1664 Durum
991 1594 1054 1665 δι
1079 1594 1288 1665 molle
1297 1598 1435 1668 nori
1481 1596 1686 1687 magis
1733 1592 1884 1667 sunt
1924 1599 2300 1684 contraria,
2358 1597 2563 1691 quiam
2604 1591 2881 1664 calidum
2918 1582 3010 1675 ΕΒ
3039 1588 3362 1719 tepidum.

434 1695 611 1769 XV.
657 1697 907 1770 Sonum
942 1692 1096 1764 nihil
1145 1694 1322 1766 aliud
1362 1691 1528 1776 ene,
1581 1692 1778 1783 quam
1837 1696 1941 1766 vim
1980 1692 2079 1760 τέ’·
2128 1696 2278 1784 ἀέρος
2313 1692 2595 1779 moignes
2646 1712 2859 1783 atque
2905 1674 3161 1778 βροντας
3207 1718 3283 1757 συ
3252 1695 3369 1772 ’γ

514 1823 719 1884 xpum
772 1797 990 1875 νιφῦν,
1024 1791 1170 1882 jam
1208 1787 1664 1866 vetustiffimis
1695 1790 2133 1964 Philosophis,
2168 1793 2326 1867 illud
2359 1794 2626 1886 qiudem
2659 1785 3012 1874 Archelao,
3046 1784 3173 1858 hoc
3202 1790 3385 1860 Ana·

433 1840 1454 2080 Xsslgozaeffiioffizuiossffiss
1491 1981 1843 2059 doloribus
1866 2013 2003 2060 non
2046 1985 2321 2062 laborat.

438 2085 722 2164 XVII.
773 2083 1010 2155 Caecus
1077 2105 1265 2156 natus
1343 2086 1548 2156 nullas
1610 2085 1907 2157 colorum
1976 2088 2150 2160 ideas
2227 2084 2467 2164 habet3
2528 2082 2752 2164 album
2801 2107 3024 2165 tamen
3090 2084 3129 2153 ὲ
3184 2083 3388 2178 nigro

543 2181 900 2255 discernere
922 2181 1170 2301 potest.
1199 2185 1265 2254 in
1310 2207 1596 2276 quorum
1639 2202 1874 2255 natura
1904 2186 2287 2278 inquirenda
2315 2186 2462 2279 plus
2497 2183 2689 2275 juvat
2725 2185 3189 2277 Philosophum
3218 2186 3384 2257 caeci

538 2284 774 2364 unius,
826 2303 1027 2368 quam
1078 2280 1251 2351 mille
1298 2282 1669 2354 videntium
1722 2282 2055 2371 judicium.

433 2379 643 2454 XVI
663 2377 761 2451 11.
812 2374 1012 2447 Bruta
1048 2378 1400 2449 animantia
1445 2403 1652 2450 meras
1717 2376 1841 2450 effe
1891 2382 2221 2453 machinas
2264 2376 2693 2458 demonstrari
2740 2384 2990 2480 nequit.

435 2480 667 2555 XIX.
715 2476 991 2566 Magnes
1038 2500 1174 2547 non
1198 2476 1468 2548 attrahit
1508 2474 1774 2548 ferrum.

438 2579 618 2653 XX.
662 2572 902 2648 Nullus
953 2571 1044 2645 est
1087 2571 1555 2665 Phyficorum,
1613 2576 1719 2647 cui
1769 2598 1906 2646 non
1954 2573 2185 2669 saepiss‘
2190 2600 2298 2648 me
2336 2603 2487 2652 cum
2526 2578 2865 2652 Aristotele
2918 2578 3002 2651 ad
3050 2577 3400 2694 qualitates

532 2675 812 2749 occultas
860 2669 1376 2783 confugiendum
1440 2668 1567 2757 fit,
1571 2727 1578 2733 .
1626 2674 1923 2761 adeoque
1983 2675 2252 2766 angusta
2307 2676 2396 2745 est
2454 2680 2689 2747 mentis
2748 2674 2987 2751 nostrae
3034 2678 3396 2772 capacitas,

539 2794 617 2848 ut
655 2796 738 2887 ne
790 2767 1150 2842 minImum
1193 2761 1467 2870 quidem
1524 2766 1967 2910 pulvisculum
1993 2769 2274 2865 perfecte
2300 2771 2787 2868 cognoscamus.

1146 2938 1326 3016 EX
1446 2901 2664 3027 MATHEMATICA.

446 3132 502 3206 1.
539 3130 718 3205 Nihil
761 3128 852 3222 dt
888 3146 1031 3201 tam
1083 3147 1413 3248 parvum,
1465 3128 1623 3221 quin
1657 3125 1868 3223 poffit
1882 3123 1926 3198 f
1932 3151 2023 3199 en
2066 3130 2335 3224 minus,
2384 3148 2596 3230 neque
2633 3156 2937 3221 tantum-2
2986 3166 3054 3232 q
3054 3143 3146 3212 in
3178 3126 3389 3228 poffit

445 3229 983 3403 1Ιέεῇὓᾶὶὲςῷ
1029 3338 1317 3424 parvum
1344 3320 1509 3410 est,
1510 3325 1670 3419 quin
1702 3325 1879 3396 idem
1909 3319 1992 3394 fit
2032 3334 2398 3416 magnum,
2428 3351 2652 3420 neque
2669 3348 2932 3403 tantum
2958 3379 2983 3416 ,
3026 3333 3190 3423 quin
3215 3327 3399 3401 idem·

446 3424 1163 3621 IlIfitssglnttultmpuncla
1208 3520 1693 3604 mathematica,
1725 3529 1864 3590 non
1914 3536 2147 3590 autem-
2172 3507 2474 3610 Phylica.

449 3624 581 3701 IV.
629 3624 875 3716 Neque
918 3627 1084 3702 linea
1127 3630 1301 3698 resta
1354 3620 1520 3693 bene
1564 3615 1926 3690 definitur.-
1981 3618 2179 3702 linea,
2238 3633 2375 3716 qu'ae
2415 3628 2591 3694 intra-
2620 3622 2768 3714 suos
2813 3632 3101 3698 terminos
3139 3629 3215 3720 est
3262 3626 3398 3700 bre-

541 3722 839 3812 vffmm·
813 3769 838 3807 ‚
895 3751 1106 3820 neque
1139 3726 1336 3796 lineas
1378 3718 1709 3814 parallelas
1758 3716 1959 3840 reste
1981 3714 2267 3804 dixeris,
2302 3719 2490 3794 lineas
2510 3773 2535 3810 ,
2585 3750 2720 3823 qua
2765 3718 2832 3796 ἰη
2862 3729 3169 3821 infinitum
3198 3726 3391 3799 daila:

543 3837 860 3921 nunquam
900 3841 1285 3897 concurrunt.

463 3918 542 3993 V.
570 3922 831 3996 Claram
881 3923 1375 4012 distinctamque
1410 3915 1726 4031 trianguli
1780 3916 2127 3989 notionem
2171 3902 2416 3990 habere
2461 3918 2635 4012 poffl.
2644 3943 2793 3994 mus
2811 3971 2853 4009 ,
2907 3919 3154 3998 etiamfi
3203 3924 3283 3996 de
3311 3945 3407 3996 eo

539 4045 678 4093 non
729 4021 1132 4113 cogitemus,
1187 4039 1316 4089 tres
1367 4016 1506 4106 ejus
1558 4015 1831 4106 angulos
1865 4013 2127 4086 duobus
2170 4017 2366 4087 rectis
2414 4016 2531 4089 effe
2584 4021 3040 4115 aequalest&
3092 4022 3403 4114 trianguli

546 4119 943 4211 reclanguli,
988 4117 1284 4212 quamvis
1338 4112 1509 4185 forte
1564 4114 1989 4205 ignoremus,
2047 4113 2447 4204 quadratum
2490 4117 2923 4211 hypotenusae
2974 4120 3091 4192 effe
3143 4120 3410 4211 aequale:
3525 4169 3529 4174 .

550 4218 877 4310 quadratis
928 4219 1335 4310 reliquorum
1378 4213 1684 4286 laterum.
1909 4239 1946 4266 ι-

462 4311 586 4386 VI.
637 4318 950 4388 Cometas
992 4313 1111 4387 effe
1155 4311 1360 4384 stellas
1406 4308 1572 4383 fixas
1624 4302 1999 4380 incrustatas
2036 4354 2063 4394 ‚
2123 4326 2321 4400 atque
2400 4309 2439 4380 ὲ
2483 4311 2702 4385 vicino
2779 4311 3033 4386 vortice
3099 4311 3413 4403 abreptas·

541 4413 695 4487 mihi
736 4438 884 4485 non
936 4412 1018 4487 fit
1072 4406 1434 4484 verifimile.

1196 4571 1204 4583 .
1930 4504 1981 4576 B
2023 4501 2080 4576 b
2175 4523 2216 4593 3
3174 4503 3244 4572 V
3284 4501 3319 4570 Ι
3343 4499 3399 4568 1.
