4188 5670
1251 277 1434 352 111
1511 283 2054 376 Apoc‘u
2131 297 2187 350 s.
3066 296 3202 395 147

328 454 477 532 tiam
501 456 734 533 inserui
757 450 1059 555 ,lquanfi
1086 479 1165 533 ut
1201 459 1405 555 vulgo
1430 451 1553 530 fibi
1598 456 1982 551 persuadent
2001 508 2023 543 ,
2068 481 2266 529 omne
2293 455 2616 553 re'iquum
2664 462 2826 534 vitae
2854 485 3021 533 meae
3045 481 3208 532 tem-

314 581 430 650 pus
451 555 787 633 defendere
812 584 979 632 meae
1010 557 1207 634 famae
1232 553 1498 646 interfit.
1578 557 1722 650 Ego
1750 581 1910 630 vero
1938 583 1956 626 ε
2008 556 2322 629 Gratulor
2356 609 2380 645 ,
2413 560 2681 652 inquam
2706 609 2727 645 ,
2763 561 3055 653 gratulor
3088 558 3210 630 mi-

313 657 414 744 hi,
440 676 554 730 aut
575 660 795 753 potius
824 658 1124 744 veritati,
1150 657 1187 728 ἐι
1214 681 1343 752 qua
1373 654 1641 729 tandem
1682 680 1804 730 vos
1830 656 2001 727 vinci
2027 657 2344 748 patimini·
2415 658 2566 736 Hoc
2615 683 2825 730 unum
2855 683 3020 751 opus
3042 676 3204 740 erat,

312 757 388 827 ad
410 780 515 827 me
538 759 605 827 in
633 756 948 832 sententia
996 781 1169 839 mea.
1194 753 1453 849 penitus
1502 751 2043 826 confirmandum.
2131 755 2535 852 Qanquam
2570 759 2744 828 enim
2771 756 2931 828 'mea
2987 756 3210 829 omnia

311 847 641 927 clariffima
666 857 825 928 mihi
856 851 1289 928 videbantur:
1318 853 1433 926 diu
1461 870 1685 926 tamen
1715 853 2010 925 vacillavi
2027 843 2057 936 ‚'
2082 877 2234 924 cum
2261 857 2402 946 quis
2433 880 2555 948 ego
2581 851 2703 926 sun
2725 904 2747 940 ,
2793 855 2934 949 quis
2981 856 3207 926 Carte-

308 945 425 1023 fius
445 950 645 1026 fuerit
662 1005 687 1041 ,
716 954 826 1028 diu
860 954 1275 1045 multumque
1315 975 1576 1024 mecum
1611 953 1915 1043 cogitavi,
1939 949 2046 1020 sed
2070 951 2258 1042 plane
2288 950 2529 1022 affensu
2554 953 2763 1026 vestro
2791 977 3057 1024 omnem
3091 950 3209 1020 mi-

305 1051 366 1122 hi
394 1048 769 1144 scrupulum
790 1049 1126 1126 exemistis.
1158 1049 1394 1122 Videte
1420 1074 1639 1122 tamen
1663 1099 1687 1133 ‚
1724 1070 2006 1143 quantus
2048 1051 2333 1121 veritatis
2383 1070 2638 1123 amator
2672 1048 2832 1139 fim.
2917 1046 3206 1123 Tametfi

305 1150 466 1222 nieae
495 1150 1077 1224 demonstrationes
1104 1149 1262 1222 mihi
1292 1143 1788 1220 evidentiffimae
1824 1148 2167 1219 videantur
2211 1197 2234 1233 ‚
2263 1150 2823 1241 quemadmodum
2867 1145 3092 1241 spero,
3142 1150 3207 1219 δι

301 1247 429 1319 aliis
458 1273 561 1320 eas
593 1249 807 1321 visum
835 1249 910 1319 iri
936 1300 958 1333 ‚
987 1248 1099 1342 qu‘i
1134 1247 1610 1341 aliquantulum
1640 1249 1949 1338 temporis
1984 1296 2005 1330 ,
2036 1247 2414 1318 attentionis
2433 1298 2455 1331 ‚
2502 1247 3072 1340 meditationisque
3117 1245 3201 1317 ad

302 1346 437 1426 h'aec
460 1350 823 1422 accuratius
849 1345 1270 1440 expendenda
1298 1341 1418 1414 fibi
1446 1343 1695 1415 sumere
1727 1344 2092 1422 volueriut3
2128 1344 2545 1417 nihilominus
2574 1365 2833 1438 paratus
2887 1343 3027 1416 sum
3066 1342 3202 1416 sen-

302 1443 567 1530 tentiam
591 1465 849 1518 mutare
892 1445 1416 1540 quandocunque
1445 1443 1543 1512 vel
1568 1466 1690 1514 vos
1733 1443 1836 1512 vel
1864 1443 2024 1513 alius
2048 1443 2366 1532 quispiam
2394 1447 2624 1515 errotis
2673 1469 2780 1516 me
2815 1445 3195 1515 convincet:

299 1541 361 1613 id
380 1544 557 1636 quod
584 1544 780 1617 vobis-
812 1541 1251 1638 omnibusque
1283 1541 1573 1613 veritatis
1602 1535 1895 1611 studiosis
1940 1535 2326 1611 sanctiffime
2379 1537 2704 1633 polliceor.
2782 1543 3018 1614 Fateor
3060 1541 3200 1636 qui-

299 1639 444 1711 dem
478 1642 639 1715 nihil
662 1639 780 1714 effe
804 1637 1167 1726 difficilius,
1201 1644 1404 1734 quam
1449 1636 1831 1730 sententiam
1878 1656 2136 1708 mutare
2178 1633 2376 1708 semel
2415 1640 2482 1709 in
2514 1643 2732 1711 animo
2764 1659 3144 1734 conceptam
3173 1689 3200 1725 ‚

294 1737 551 1835 publice
573 1741 935 1834 prolatam,
969 1741 1368 1832 argumentis
1399 1736 1595 1807 etiam
1620 1733 2104 1816 confirmatam3
2130 1757 2283 1826 quae
2314 1758 2694 1828 argumenta
2712 1788 2731 1820 ,
2767 1758 3205 1832 praeterquam·

295 1839 475 1929 quod
492 1835 865 1911 firmiffima
886 1838 1194 1908 videntur
1214 1886 1236 1920 ‚
1270 1853 1458 1908 tanto
1500 1835 1704 1927 magis
1744 1832 1939 1905 nobis
1981 1831 2241 1925 placent
2269 1883 2294 1918 ,
2339 1830 2390 1903 fi
2418 1859 2492 1905 ea
2521 1833 2821 1908 industria
2858 1837 3073 1909 nostra
3111 1838 3208 1908 in-

293 1955 494 2007 venta
531 1932 653 2007 effe
676 1937 1033 2016 credimus3
1059 1932 1165 2004 sed
1200 1928 1524 2025 superabit
1556 1983 1579 2019 ‚
1622 1932 1836 2024 spem,
1862 1934 1972 2010 has
2001 1926 2416 2003 difficultates
2464 1933 2755 2005 veritatis
2797 1960 2982 2007 amor
3005 1987 3029 2021 ‚
3072 1959 3206 2027 quo

288 2033 453 2104 nihil
498 2036 832 2125 antiquius
870 2035 936 2103 δι
962 2028 1163 2102 habui
1188 2032 1424 2116 adhuc,
1450 2032 1538 2114 &,
1567 2031 1729 2100 dum
1769 2034 1999 2102 vivam
2023 2080 2047 2114 ‚
2077 2026 2358 2100 habebo.
2418 2030 2663 2102 Placuit
2714 2033 2887 2104 enim
2939 2029 3211 2104 mirifice·
3253 2052 3435 2111 8enec
3457 2043 3498 2104 1.
3522 2060 3588 2109 ⁴·

286 2127 548 2223 semper
576 2133 696 2215 ,ἃ
722 2133 934 2226 placet
968 2129 1186 2227 adhuc
1224 2129 1384 2216 illud·
1405 2128 1702 2200 Senecae.-
1724 2133 1873 2200 Non
1897 2133 1973 2224 est
1991 2131 2217 2201 levitas
2242 2133 2281 2203 ἃ
2328 2136 2553 2224 cognito
2575 2127 2669 2215 ἓξ
2697 2129 3233 2227 damnato-errore·
3253 2123 3326 2184 de
3367 2123 3557 2186 benef·

289 2221 612 2316 discedere,
651 2228 741 2314 ἓξ
770 2238 1021 2323 ingenue
1032 2230 1368 2322 fittendum
1404 2225 1502 2314 ss:
1529 2224 1710 2295 alibd
1736 2227 1966 2314 putavi
1980 2278 2001 2311 ,
2031 2225 2295 2318 deceptus
2324 2227 2487 2316 sum.
2582 2234 2738 2302 Haec
2762 2256 2903 2301 vero
2936 2228 3208 2321 superba
3255 2217 3377 2283 cap·
3432 2216 3523 2284 33·

279 2320 559 2415 stultitiae
570 2316 1021 2418 perseuerantia
1044 2329 1125 2416 ss
1148 2355 1167 2392 .-
1192 2321 1730 2415 quodsemelds'xi
1742 2379 1763 2411 ,
1793 2325 2208 2422 qualecunque
2231 2328 2551 2419 (lhfixum
2581 2345 2910 2425 ratumque
2921 2326 3027 2415 fit.
3079 2327 3206 2399 Sed

296 2421 430 2492 satis
462 2424 605 2514 jam
629 2479 652 2512 ‚
685 2424 856 2494 forte
891 2425 1088 2496 etiam
1140 2424 1338 2493 nimis
1361 2473 1383 2506 ‚
1418 2417 1906 2514 philosophatus·
1956 2421 2115 2507 sum.
2200 2421 2621 2510 Quibusdam
2680 2428 2853 2501 enim
2887 2475 2912 2512 ‚
2962 2445 3037 2494 ut
3070 2425 3207 2517 jam
3252 2445 3466 2508 cicero,

299 2517 401 2590 suo
425 2547 575 2595 aevo
630 2518 1034 2617 querebatur
1056 2522 1314 2609 Cicero,
1346 2538 1544 2592 totum
1571 2516 1675 2592 boc
1697 2522 1961 2612 displicet
1978 2518 2379 2612 philosbphari.
2997 2529 3033 2611 ᾗ
3251 2527 3323 2587 de
3360 2527 3484 2590 fini.

3543 2310 3563 2341 Κ

367 2769 375 2777 .
474 2704 649 2776 Haec
678 2723 892 2791 quum
912 2698 1207 2770 dixeram
1229 2750 1251 2783 ,
1275 2703 1732 2791 unusquisque
1765 2697 2059 2768 nostrum
2082 2698 2361 2787 ad‘sacra
2391 2698 2596 2771 studia
2634 2701 2698 2769 &
2730 2696 3076 2770 diviniores
3131 2697 3202 2771 li·-

307 2818 488 2889 teras,
519 2802 598 2875 ad
631 2823 791 2892 quae
819 2798 1047 2873 onmia
1068 2793 1305 2870 referre
1328 2795 1609 2869 solemus
1634 2846 1656 2884 ,
1689 2794 1978 2868 reversus
2011 2789 2119 2867 est.
