4188 5670
1205 274 2384 374 rabiirznr'rum.
2575 274 2590 281 ⁶
3142 321 3277 396 249

394 478 596 557 vitam
647 477 980 553 instituant
1006 526 1030 564 ,
1107 495 1189 548 ut
1240 527 1267 564 ‚
1329 471 1383 547 si
1426 474 1611 550 Deus
1687 473 1779 550 est
1806 524 1832 564 ‚
1886 477 2046 551 nihil
2092 473 2381 550 habeant
2453 451 2632 573 quod
2695 477 2781 553 ab
2833 480 2922 554 eo
2967 452 3287 554 metuant.

283 656 287 662 ,
374 581 512 668 Qui
565 576 766 650 nescit
791 628 814 663 ,
862 594 1047 649 num‘
1078 575 1354 666 loquens
1399 577 1437 645 ὲ
1479 592 1753 670 potente
1792 574 2016 670 aliquo
2063 595 2214 669 rege
2258 576 2555 649 audiatur
2584 628 2605 663 ‚
2663 602 2784 652 nec
2828 604 2909 651 ne
2934 596 2958 657 ς
2985 602 3127 651 non
3180 572 3288 651 ali-

371 697 466 749 ter
504 694 691 749 tutus
735 671 855 747 effe
898 672 1116 769 potest
1159 721 1186 759 ‚
1262 696 1465 767 quam
1516 669 1568 744 fi
1612 673 1924 766 loquatur
1952 724 1975 760 ‚
2031 696 2109 746 ac
2166 668 2224 743 ίῖ
2264 699 2491 746 revera
2540 677 2686 746 Rex
2737 679 2841 749 ille
2898 674 3180 768 praesens
3207 672 3294 746 es-

369 773 477 846 set.
589 774 693 845 Ita
750 772 862 866 qui
918 766 1182 844 dubitat
1214 821 1241 859 ‚
1310 767 1392 842 fit
1459 796 1544 844 ne
1593 769 1781 843 Deus
1805 820 1829 858 ,
1876 795 1997 843 nec
2035 795 2170 852 12e3
2219 787 2366 844 tum
2414 771 2667 844 securus
2714 777 2835 849 etit
2867 829 2890 866 ‚
2941 772 2994 846 fi
3061 774 3151 845 ita
3194 775 3288 847 vi-

366 873 467 947 ‘vit
494 922 522 958 ‚
574 892 653 943 ac
699 866 751 941 fi
799 869 981 942 Deus
1030 864 1202 941 effet-

565 1010 786 1087 Hostis
829 1013 1025 1107 igitur
1079 1011 1171 1084 est
1218 1015 1445 1086 atheus
1471 1013 1583 1105 fia·
1610 1004 1823 1105 1'psr'us,
1874 1012 2034 1084 dum
2072 1008 2549 1105 persuasionem
2580 1013 2663 1085 de
2679 1013 2856 1102 Deo,
2894 1008 3032 1085 tam
3075 1012 3294 1085 homi·

248 1196 259 1199 ,
371 1111 573 1186 nibus
612 1109 950 1183 salutarem
976 1160 1000 1196 ,
1056 1135 1141 1183 ex
1178 1112 1413 1184 animo
1457 1110 1574 1184 suo
1616 1111 1824 1182 delere
1881 1130 2176 1182 conatur.
2250 1111 2413 1187 ,Sed
2461 1113 2526 1183 ἃ
2573 1113 2642 1182 in
2697 1113 2823 1182 hoc
2867 1109 2989 1183 fibi
3038 1108 3154 1204 ipfi
3187 1134 3298 1182 ve-

375 1203 860 1282 hementiffime
904 1206 1319 1295 adversatur,
1373 1205 1424 1281 fi
1501 1207 1886 1281 atheismum
1911 1258 1937 1294 ‚
2004 1228 2142 1279 tam
2192 1204 2313 1279 fibi
2379 1206 2854 1301 perniciosum,
2908 1233 3046 1280 non
3093 1210 3298 1301 tegit3

372 1306 483 1380 sed
523 1330 797 1399 quoquo
846 1306 1044 1377 modo
1068 1357 1093 1392 ‚
1159 1324 1275 1378 aut
1310 1303 1529 1378 verbis
1567 1327 1683 1377 aut
1721 1303 1943 1392 saetis,
2005 1331 2144 1398 prae
2199 1304 2261 1376 se
2302 1303 2469 1400 fertj
2522 1308 2659 1377 imo
2700 1305 2930 1378 diserte
2958 1301 3302 1398 profitetur

374 1402 438 1475 se
497 1407 629 1477 Dei
671 1402 1073 1475 existentiam
1114 1429 1248 1475 non
1297 1404 1574 1475 credere.
1671 1403 1847 1475 Cum
1901 1403 2077 1474 enim
2122 1405 2188 1473 in
2234 1403 2430 1497 atheo
2470 1402 2624 1474 nihil
2668 1399 2750 1473 fit
2797 1404 2977 1496 quod
3020 1427 3175 1473 eum
3216 1395 3304 1473 ef-

375 1496 660 1574 fioeciter
710 1504 747 1570 a
770 1502 1072 1572 maximis
1100 1500 1440 1574 sceleribus
1478 1501 1797 1574 retrahere
1864 1498 2123 1593 possit‚⁴
2162 1520 2239 1570 ut
2283 1498 2470 1593 supra
2509 1500 3136 1578 demonstravimus3
3191 1497 3306 1592 qui

376 1598 443 1672 st
495 1598 737 1673 fatetur
776 1600 1043 1671 atheum
1065 1647 1090 1684 ‚
1138 1597 1203 1671 se
1256 1596 1497 1671 fatetur
1551 1600 1634 1671 ad
1685 1600 1904 1670 omnia
1973 1599 2243 1670 crimina
2297 1617 2621 1688 paratum,
2678 1597 3051 1671 'dummodo
3078 1619 3086 1627 ·
3115 1596 3308 1668 detur

378 1700 441 1771 ei
479 1692 733 1772 oooefio
784 1696 853 1768 id
888 1696 1159 1791 impune
1224 1695 1514 1769 faciendi.
1613 1700 1840 1785 Qam
1892 1712 2065 1768 certe
2136 1694 2515 1787 opinionem
2567 1693 2828 1768 cuilibet
2890 1697 3306 1768 vehementer

372 1797 653 1877 noxiam
709 1790 876 1880 effe,
927 1818 1129 1866 nemo
1172 1793 1303 1880 est,
1358 1797 1517 1887 quin
1556 1790 1796 1866 videatss
1908 1791 2092 1881 Qid
2127 1791 2316 1862 ‘enim
2362 1792 2723 1883 judicarent
2751 1794 3046 1864 homines
3077 1792 3157 1864 de
3182 1816 3305 1879 ee,

372 1897 497 1986 qui
530 1892 842 1966 filteretur
870 1942 893 1976 ,
918 1889 988 1962 se
1019 1915 1228 1983 neque
1273 1892 1689 1963 mendacium
1714 1893 1780 1963 &
1816 1888 2111 1963 fraudem
2147 1889 2372 1974 ullam,
2402 1914 2611 1981 neque
2643 1889 3056 1977 adulterium,
3099 1914 3309 1981 neque

378 1990 686 2077 fratum,
737 2011 861 2061 neo
904 1983 1183 2079 depofiti
1230 1985 1773 2082 abnegationem,
1826 2014 1949 2060 nec
1994 1989 2406 2059 latrocinium
2439 2010 2561 2058 nec
2597 1988 2850 2060 caedem
2878 2038 2901 2075 ,
2933 2013 3053 2059 nec
3097 1989 3312 2082 perju-

380 2093 568 2165 rium
602 2082 853 2159 &oeffe
890 2085 1161 2170 crimen,
1209 2085 1547 2178 agnoscere
1573 2111 1601 2165 3-
1633 2086 1998 2159 dummodo
2035 2085 2178 2156 haec
2208 2086 2373 2177 clam
2412 2080 2614 2171 fiant,
2661 2088 2724 2157 &
2765 2087 2898 2172 ita,
2955 2104 3032 2157 ut
3056 2087 3312 2168 nullum

379 2185 645 2259 homini
706 2182 856 2255 inde
898 2182 1402 2255 incommodum
1474 2205 1591 2255 aut
1634 2181 1923 2256 molestia
1991 2184 2355 2274 proveniat.
2452 2181 2575 2257 Sed
2621 2184 2766 2255 haec
2832 2185 3055 2255 omnia
3115 2182 3197 2254 de
3249 2180 3313 2254 se

364 2283 666 2368 fatetur,
699 2280 814 2374 qui
859 2276 1150 2366 fatetur,
1206 2301 1326 2352 aut
1368 2304 1510 2373 prae
1550 2279 1612 2350 se
1648 2278 1775 2351 fert
1818 2277 1880 2351 le
1923 2278 2043 2350 effe
2093 2281 2384 2351 atheum.
2468 2281 2648 2352 Facit
2694 2282 2888 2373 igitur
2922 2281 3027 2351 hic
3068 2282 3313 2366 homo,

370 2378 695 2475 ,quicquid
749 2375 1005 2470 potest,
1050 2398 1128 2450 ut
1176 2378 1244 2449 in
1286 2375 1349 2449 le
1382 2380 1694 2473 omnium
1766 2377 1995 2448 odium
2041 2378 2374 2460 concitct2·
2415 2399 2646 2451 monet
2672 2403 2900 2449 omnes
2939 2402 3022 2448 ne
3042 2376 3319 2469 inposte-

381 2504 544 2553 rum
574 2475 700 2547 suis
743 2471 1004 2559 verbis,
1033 2473 1355 2568 promissis
1379 2525 1402 2560 ,
1425 2474 1860 2568 jurijurando,
1888 2471 2092 2545 fidem
2118 2472 2435 2557 habeant3
2482 2499 2565 2546 ne
2616 2475 2759 2567 quis
2797 2471 2918 2544 fibi
2968 2477 3319 2565 quicquam

384 2576 659 2652 credat;
710 2595 793 2641 ne
846 2573 1192 2664 quisquam
1257 2573 1321 2642 se
1373 2592 1597 2643 tutum
1638 2572 1677 2640 a
1719 2569 1785 2642 se
1829 2567 1948 2640 effe
1997 2587 2230 2663 putet:
2281 2595 2367 2641 ne
2408 2573 2550 2662 quis
2599 2570 2661 2642 se
2721 2591 2836 2642 aut
2896 2572 3267 2642 Dominum
3289 2619 3320 2659 ,

388 2691 517 2779 aut
572 2668 833 2741 servum
858 2714 883 2751 ,
950 2685 1063 2737 aut
1136 2667 1586 2759 magistratum
1615 2717 1638 2752 ‚
1701 2684 1821 2737 aut
1867 2664 2204 2736 subditum
2232 2652 2273 2750 ,'
2305 2687 2427 2738 aut
2492 2668 2783 2738 vicinum
2807 2717 2832 2752 ‚
2898 2684 3014 2739 aut
3061 2667 3269 2741 civem
3291 2720 3318 2754 ‚

389 2787 520 2844 aut
564 2762 951 2866 popularem
997 2760 1241 2834 habere
1286 2764 1467 2834 velit.
1530 2764 1682 2834 Imo
1740 2779 1971 2832 monet
2010 2763 2308 2834 homines
2332 2813 2358 2850 ‚
2412 2782 2488 2835 ut
2537 2760 2656 2833 fibi
2713 2768 2938 2837 omnes
2993 2762 3159 2838 vires
3186 2767 3323 2838 ali-is

376 2861 1012 3045 4ιιιὲῃκπιιέἰΓκῗὲἰᾴιτιειιιε
1042 2889 1067 2941 3
1114 2862 1255 2934 imo
1301 2882 1615 2955 tanquam
1661 2860 2048 2955 praedonem
2081 2858 2421 2955 publicum
2443 2861 2478 2932 ὲ
2507 2862 2723 2935 medio
2764 2859 3092 2950 tollant‚si
3122 2861 3324 2937 securi

479 2988 520 3037 e
577 2988 624 3036 v
1714 2985 1721 2994 ·
1768 3003 1773 3014 ·

596 3104 802 3196 Qod
852 3101 902 3177 fi
939 3107 1133 3200 igitur
1176 3103 1434 3178 summa
1484 3101 1752 3179 stultitia
1796 3104 1929 3195 est,
1967 3107 2178 3181 dicere
2228 3114 2300 3180 in
2339 3107 2512 3181 corde
2547 3107 2708 3198 fitot
2757 3107 2922 3181 Non
2966 3108 3055 3180 est
3100 3103 3321 3179 D'eus‘:

393 3209 612 3283 Furor
649 3203 739 3278 est
806 3205 873 3276 Sc
917 3202 1200 3291 insania,
1256 3201 1307 3274 fi
1355 3204 1497 3295 quis
1551 3229 1631 3276 eo
1676 3202 1877 3296 usque
1920 3209 2105 3279 venit
2127 3256 2152 3291 ‚
2212 3225 2289 3277 ut
2341 3206 2413 3277 id
2456 3206 2657 3276 verbis
2696 3203 2976 3276 fateatur
3009 3256 3034 3291 ‚
3094 3208 3159 3276 &
3187 3206 3327 3297 fac-

400 3314 483 3380 tis
530 3327 671 3398 prae
718 3301 781 3374 se
832 3299 1041 3381 ferat3·
1075 3300 1333 3394 prorsus
1378 3317 1454 3371 ut
1495 3326 1632 3371 non
1674 3299 1823 3372 satis
1868 3304 2088 3376 mirari
2140 3298 2457 3396 poffimus
2495 3327 2607 3373 eos
2620 3352 2645 3387 ,
2698 3304 2810 3391 qui
2858 3323 3004 3372 tum
3061 3303 3329 3374 demum

404 3403 471 3475 se
521 3399 724 3496 vulgo
768 3397 1182 3493 sapientiores
1236 3394 1459 3469 haberi
1487 3415 1721 3490 putant
1743 3447 1770 3483 ,
1826 3395 1877 3468 fi
1903 3400 2210 3492 pietatem
2237 3401 2300 3469 &
2326 3398 2740 3490 Religionem
2779 3420 3047 3468 omnem
3078 3398 3323 3490 rident',

399 3521 727 3606 unquam
772 3495 1135 3591 plebeculae
1180 3495 1380 3567 nimis
1427 3496 1739 3590 credulae*
1766 3519 1936 3568 vana
1985 3495 2524 3568 terriculamenta.
2607 3494 2786 3583 Qid
2835 3497 3003 3567 enim
3051 3495 3143 3570 est
3183 3500 3331 3573 haec

401 3623 584 3674 vana
635 3596 903 3690 gloriola
928 3645 951 3680 ‚
1003 3614 1121 3667 aut
1169 3594 1391 3687 iriepta
1443 3590 1787 3689 saepiffime
1836 3593 2199 3679 distinctio,
2259 3590 2500 3686 quibus
2541 3588 2929 3686 pauciffimis
2967 3592 3073 3666 ‘sui
3113 3591 3331 3670 simili.

405 3696 539 3769 bus
584 3696 883 3789 placent,
924 3688 979 3762 fi
1004 3709 1418 3788 comparetur
1438 3740 1462 3776 ,
1514 3717 1669 3765 cum
1697 3692 1880 3765 malis
1910 3686 2294 3787 graviflimis
2309 3741 2334 3778 ,
2370 3705 2525 3785 q'uae
2557 3696 2702 3785 quis
2736 3688 2860 3765 fibi
2911 3694 3031 3766 hac
3060 3694 3342 3788 gloriola-

409 3796 687 3872 attrahzt
717 3789 893 3886 apud
920 3790 1236 3884 plurimos
1251 3840 1289 3876 ,
1335 3792 1475 3862 imo
1503 3792 1677 3887 apud
1703 3811 1923 3865 totum
1960 3815 2166 3886 genus
2210 3788 2632 3865 humanum?

614 3978 727 4054 Ne
763 4003 922 4052 vero
970 3976 1070 4049 isti
1120 3976 1416 4047 homines
1460 3974 1706 4066 jactent
1781 3974 1965 4050 suam
2026 3980 2151 4052 hac
2190 3968 2257 4051 in
2308 3991 2383 4052 re·
2435 3966 2913 4067 veracitatem,
2988 3973 3344 4055 candorem

420 4081 491 4154 δι
543 4076 1014 4156 sinceritatem3
1065 4099 1219 4168 quae
1270 4073 1492 4145 omnia
1532 4093 1687 4172 tum
1731 4075 2000 4146 demum
2036 4079 2313 4150 virt-ntes
2361 4075 2510 4150 sunt
2533 4071 2721 4150 laude
2758 4077 3013 4173 dignae,
3064 4078 3129 4152 fi·
3156 4079 3340 4152 Deus

427 4178 537 4251 est.
594 4181 774 4267 Qyae
810 4169 1129 4270 persuafio
1167 4168 1220 4243 fi
1262 4166 1415 4242 falsa
1457 4169 1548 4242 est
1574 4221 1598 4258 ,
1676 4195 1814 4242 non
1855 4173 1901 4242 ii
1952 4169 2100 4245 sunt‘
2147 4165 2606 4265 Sapientiffimi‘
2651 4225 2679 4262 ,
2734 4177 2850 4268 qui
2894 4195 3050 4247 vera
3090 4179 3337 4251 dicunt.

406 4276 553 4350 ‘Sed
608 4276 720 4369 qui
764 4298 839 4345 ea
882 4272 1152 4356 dicunt,
1211 4292 1389 4362 quae·
1449 4264 1573 4340 fibi
1633 4269 1812 4340 dion
1876 4266 2030 4341 sunt
2075 4265 2433 4344 utiliffima.
2510 4265 2736 4344 N‘emo
2781 4291 2894 4342 ma
2948 4273 2994 4340 ‘s
3020 4273 3346 4368 =riuiqu1us

429 4373 567 4458 est,
628 4393 830 4466 quam
873 4369 1143 4454 atheus,
1192 4369 1301 4461 qui
1349 4365 1706 4454 existimat,
1759 4365 2105 4441 honestum
2130 4365 2297 4452 effe,
2349 4370 2735 4442 atheismum
2765 4387 2885 4459 pro
2937 4372 3060 4439 teri
3074 4396 3095 4448 3
3126 4383 3356 4458 turpe,-

429 4469 819 4546 sententiam
876 4467 1122 4553 celate,
1160 4486 1283 4537 aur.
1320 4465 1722 4541 conta-arium
1751 4461 2104 4541 ‘fimulare-
2215 4468 2385 4557 Qis
2434 4466 2660 4540 tulerit
2683 4465 2910 4536 atheo-s
2951 4463 3038 4533 de·
3055 4465 3364 4629 gir-eng&

1928 4563 1973 4637 Ι.
2008 4566 2037 4638 i
2100 4587 2146 4657 3
3101 4578 3227 4627 one
