4188 5670
927 306 1023 390 58
1171 295 1184 306 “
1422 299 3318 412 D1sstnr.''niL'o‘tiom‘fidn‘ir's

929 473 1322 556 extensionis
1371 485 1453 556 ad
1503 510 1735 582 corpus
1773 490 2040 585 aliquod
2081 494 2495 590 pertinentis„
2552 495 2907 572 Diversum
2950 499 3056 571 hic
3082 496 3121 569 a
3163 517 3273 572 me
3330 490 3690 570 sentiebant
3732 493 3832 576 ,52⁴-

929 573 1138 651 lebres
1187 583 1452 675 quidam
1490 585 1876 683 Philosophi.
1956 593 2101 686 Ego
2127 644 2150 680 ,
2200 611 2279 668 ut
2308 591 2390 670 fit
2411 645 2435 682 ‚
2468 622 2606 669 non
2647 598 3012 671 cedendum
3029 648 3055 686 ,
3082 596 3188 671 sed
3218 596 3600 671 sententiam
3623 620 3832 670 meam

927 681 1472 773 propugnandam
1502 684 1821 777 putabam
1859 718 1878 760 ι
1938 691 2134 784 hujus
2164 695 2344 766 enim
2383 697 2737 770 veritatem
2775 718 2915 770 tam
2961 696 3127 772 clare
3169 697 3494 792 percipere
3543 696 3703 767 mihi
3750 696 3839 770 vi-

927 771 1130 847 debar
1156 827 1181 863 ι
1237 802 1439 871 quam
1493 808 1647 875 quae
1692 784 2029 862 clariffime
2069 816 2367 885 unquam
2399 796 2675 890 percepi.
2758 795 2985 868 Postea
3008 821 3169 869 vero
3193 847 3217 885 ‚
3249 819 3405 868 cum
3436 789 3703 866 ceffante
3748 819 3841 867 ar-

927 874 1088 945 dore
1109 925 1131 959 ‚
1179 872 1475 949 sedatiori
1509 906 1729 956 mente
1771 911 1912 958 rem
1964 891 2359 984 perpendere
2398 896 2583 989 ‘coepi
2603 946 2625 978 ‚
2669 894 3098 967 animadverti
3149 945 3173 983 ‚
3237 913 3509 967 omnem
3560 889 3841 964 nostram

926 970 1435 1064 disputationem
1483 1005 1719 1071 puram
1767 1006 2001 1077 putam
2039 988 2551 1082 Logomachiam
2589 989 2789 1065 firiss'e.
2863 999 3026 1064 Finis
3069 1017 3321 1065 nomen
3350 994 3416 1064 &
3445 986 3843 1062 vocabulum

929 1068 1065 1141 est:
1103 1070 1286 1160 cujus
1330 1069 1692 1165 fignificatu
1753 1083 1895 1173 plus
1942 1082 2370 1160 diffentientes
2397 1140 2420 1178 ,
2476 1116 2600 1188 ego
2652 1093 2868 1162 minus
2909 1086 3546 1185 comprehendebam
3595 1114 3614 1158 t
3669 1089 3842 1182 quod
3890 1153 3893 1156 .

926 1169 1191 1260 quidem
1233 1173 1489 1266 utrique
1535 1179 1705 1269 parti
1742 1180 1936 1253 licuit.
2046 1184 2192 1278 Ego
2253 1183 2455 1260 solam
2506 1193 2793 1284 partium
2837 1191 3321 1263 extremitatem
3363 1184 3511 1261 finis
3580 1190 3842 1261 nomine

927 1267 1390 1361 intelligebam.
1523 1277 1664 1362 Qi
1740 1280 1898 1350 mihi
1941 1278 2450 1359 adversabantur
2512 1307 2749 1381 praeter
2788 1290 3277 1361 extremitatem
3325 1285 3615 1380 partium
3688 1283 3841 1380 ipsas

927 1389 1193 1458 quoque
1263 1389 1470 1458 partes
1515 1394 1841 1449 extremas
1870 1370 1901 1456 ‚⁸
1946 1401 2060 1452 aut
2110 1378 2334 1454 saltem
2397 1383 2808 1479 superficiem
2862 1406 3244 1459 extremam
3307 1381 3764 1475 intelligebant
3820 1409 3839 1453 z

927 1463 1197 1554 quidam
1247 1468 1445 1539 etiam
1495 1468 1778 1568 figuram
1803 1526 1825 1560 ‚
1864 1501 2067 1568 quam
2117 1498 2327 1551 certus
2386 1485 2672 1577 partium
2716 1505 3161 1558 extremarum
3222 1479 3379 1556 situs
3430 1479 3838 1570 constituit·‚

930 1560 1000 1629 in
1050 1584 1367 1654 conceptu
1421 1563 1536 1639 suo
1589 1572 1983 1649 addiderant.
2077 1579 2303 1665 Qare
2331 1624 2352 1660 ‚
2411 1582 2590 1674 quod
2633 1582 2722 1654 illi
2765 1580 2970 1655 finem
3018 1579 3351 1655 vocabant
3401 1634 3425 1670 ‚
3482 1576 3841 1672 pluseffie,

930 1681 1130 1748 quam
1163 1664 1576 1753 negationem
1598 1721 1615 1751 ,
1645 1671 1744 1741 uti
1779 1695 1953 1746 nunc
1996 1669 2181 1747 facile
2207 1679 2499 1752 concedo
2530 1707 2553 1751 t
2606 1681 2697 1754 ita
2721 1682 2814 1756 illi
2858 1677 3065 1754 finem
3099 1706 3254 1755 meo
3285 1677 3466 1753 sensu
3496 1726 3522 1765 ,
3597 1699 3869 1772 meram·

929 1752 1050 1824 ess'e
1108 1761 1524 1850 negationem
1572 1764 1755 1839 facile
1804 1769 2079 1845 viciffim
2126 1774 2506 1867 largientur.

543 1995 846 2060 Verulamiz·
1119 1953 1275 2028 Huc
1314 1954 1463 2031 facit
1488 2014 1509 2048 ‚
1543 1966 1723 2057 quod
1750 1965 2172 2046 Verulamius
2210 1976 2292 2049 de
2322 1974 2537 2051 verbis
2571 1971 2923 2052 observat:
2967 1977 3186 2066 Verba,
3232 1978 3446 2073 inquit
3467 2028 3491 2065 ‚
3514 1978 3845 2078 plerunque

545 2079 856 2154 obJervatio
930 2075 1006 2121 ex
1056 2073 1237 2144 captu
1271 2058 1450 2152 vulgi
1478 2064 1836 2151 induntur3
1880 2090 2069 2168 atque
2101 2095 2208 2165 per
2241 2076 2618 2168 dtfferentias
2641 2129 2666 2165 ‚
2714 2103 2987 2175 quarum
3011 2081 3238 2174 vulgus
3259 2102 3448 2171 capax
3483 2080 3562 2168 est
3583 2126 3607 2161 ‚
3653 2103 3750 2148 res
3758 2076 3851 2167 se·

545 2162 610 2219 de
640 2164 843 2221 verbis.
926 2168 1088 2221 cant.
1147 2160 1313 2224 Cum
1344 2173 1551 2231 autem
1580 2166 1893 2246 inteHeHus
1918 2180 2294 2259 accuratior,
2344 2193 2461 2248 aut
2480 2174 2599 2266 obs
2579 2182 2812 2249 ervatio
2854 2177 3196 2275 diligentior
3216 2227 3241 2261 ‚
3288 2201 3382 2249 res
3406 2177 3607 2248 melius
3637 2177 3843 2266 distin-

543 2240 635 2302 De
663 2261 763 2304 au·
810 2269 847 2296 ⁴·
917 2273 1104 2343 guere
1140 2253 1306 2323 volet
1331 2304 1357 2339 ,
1398 2257 1590 2331 verba
1614 2262 1965 2356 obstrepunt.
2039 2271 2230 2366 Qod
2247 2298 2389 2345 vero
2412 2274 2586 2362 hujus*
2623 2273 2955 2347 remedium
2986 2280 3066 2366 est
3088 2271 3507 2365 (definitiones
3517 2269 3789 2359 seilicet,
3817 2265 3853 2359 )

544 2335 758 2460 §vemt
926 2354 993 2417 in
1045 2351 1324 2440 plurimis
1346 2351 1487 2428 huic
1525 2361 1682 2432 malo
1720 2363 1947 2436 mederi
1992 2376 2209 2468 nequit
2240 2421 2265 2458 ‚
2298 2378 2587 2470 quoniam
2637 2369 2729 2459 83
2776 2375 2911 2465 ipsae
2950 2372 3316 2466 defhritiones
3338 2395 3414 2442 ex
3444 2367 3647 2440 verbis
3689 2366 3859 2470 confi

545 2419 839 2545 Βζῖεῧῗιπ
925 2461 1069 2517 tant
1092 2498 1115 2533 ,
1165 2445 1255 2533 ἐξ
1277 2449 1466 2523 verba
1503 2464 1767 2554 gignunt
1809 2462 2020 2536 verba.
2134 2467 2267 2558 Etsi
2294 2489 2503 2542 autem
2542 2489 2813 2563 putemus
2834 2522 2859 2561 ‚
2878 2468 3086 2544 verbis
3130 2470 3335 2558 nostris
3358 2492 3463 2539 nos
3503 2473 3813 2557 imperare
3827 2514 3852 2554 ,

548 2580 671 2641 cap.
706 2586 763 2639 4·
932 2541 1024 2629 &³
1048 2546 1210 2617 illud
1233 2547 1428 2639 facile
1481 2553 1651 2628 dista
1661 2556 1754 2649 fit
1780 2610 1803 2648 ,
1855 2562 2221 2661 loquendum
2247 2566 2356 2663 effe
2379 2618 2404 2655 ‚
2451 2587 2531 2642 ut
2572 2571 2787 2668 vulgus
2802 2619 2825 2656 ,
2842 2565 3229 2662 sentiendum
3259 2584 3337 2639 ut
3353 2564 3649 2659 fhpientes
3664 2591 3710 2648 '3
3762 2581 3856 2636 at-

928 2659 1134 2714 tamen
1156 2643 1275 2717 baec
1318 2658 1517 2724 omnia
1543 2679 1658 2727 non
1690 2656 2009 2747 sufficiunt
2044 2713 2067 2750 ,
2102 2690 2223 2762 quo
2247 2673 2449 2738 minus
2491 2667 2819 2741 verborum
2835 2671 3136 2763 praestigia
3163 2662 3252 2751 ἒξ
3275 2670 3710 2740 inccmtationes
3726 2665 3855 2757 plu-

931 2743 1104 2811 rime&
1155 2743 1340 2816 modtk
1391 2746 1695 2841 seducant
1743 2808 1768 2845 ‚
1841 2755 1931 2846 ἐξ
1964 2768 2101 2834 vim
2151 2763 2463 2864 quandam
2513 2767 2841 2842 intelleffl‘ui
2880 2769 3128 2861 faciant
3163 2815 3188 2852 2
3240 2759 3332 2850 &²
3357 2771 3647 2857 ἱῒηΡὲΡΐΜη
3655 2761 3852 2851 suum

936 2834 1131 2923 (more
1158 2850 1557 2923 Tartarorum
1574 2853 1989 2952 fitgittatimis
2009 2909 2035 2948 ,
2064 2880 2225 2937 retro
2262 2871 2329 2936 in
2350 2864 2719 2938 Inteuefflum
2756 2865 2917 2941 unde
2928 2864 3194 2960 prqfeffla
3207 2856 3413 2954 sunt)
3440 2876 3847 2960 retorqueant·

546 3059 880 3137 Synonymia
1134 3034 1372 3130 Neque
1414 3066 1575 3115 vero
1610 3044 1740 3117 sola
1796 3050 2233 3142 homonymia
2284 3053 2766 3131 vocabulorum
2800 3060 2900 3132 Lo
2946 3058 3402 3132 omachiarum
3449 3054 3637 3131 musa
3677 3050 3854 3149 est','

549 3150 717 3200 etiam
747 3145 886 3227 [ηε
933 3129 1040 3203 fiad
1087 3133 1284 3204 etiam
1318 3139 1744 3232 Synonymia.
1832 3146 2012 3217 Hinc
2058 3148 2235 3219 enim
2284 3150 2514 3225 accidit
2534 3203 2559 3240 ‚
2580 3173 2659 3226 ut
2691 3154 2875 3228 diver
2968 3153 3158 3250 Saepe
3190 3153 3421 3230 sentire
3446 3156 3798 3230 videantur
3819 3204 3844 3244 ,

549 3225 886 3325 ⁶⁶“sfL0g0
930 3231 1007 3301 iis
1061 3228 1420 3325 praesertim
1477 3288 1502 3324 ‚
1559 3241 1671 3332 qui
1723 3242 1793 3313 in
1841 3240 2059 3315 verbis
2107 3245 2364 3320 haerent
2400 3298 2426 3336 ,
2488 3254 2602 3346 qui
2666 3254 2805 3326 aliis
2881 3253 3100 3330 verbis
3172 3250 3557 3349 synonymis
3643 3274 3843 3350 atque

549 3310 775 3441 '’'22‘2‘'
933 3330 1219 3421 ejufflem
1295 3331 1778 3430 significationis
1830 3342 2008 3415 idem
2058 3342 2305 3421 dicunt.
2420 3349 2554 3424 Hic
2603 3352 2850 3427 nemini
2908 3356 3155 3428 mirum
3225 3352 3431 3425 videri
3480 3349 3676 3425 debet
3708 3402 3738 3438 ι
3797 3345 3850 3425 fi

552 3405 889 3540 gndnymo-
931 3427 1182 3525 linguas
1205 3479 1231 3517 ,
1270 3459 1428 3528 quas
1469 3462 1707 3534 magna
1763 3466 2011 3514 vocum
2058 3447 2331 3538 penuria
2370 3444 2667 3524 laborare
2718 3451 3091 3529 audivimus
3112 3501 3140 3541 ,
3200 3451 3620 3524 nihilominus
3676 3472 3849 3543 patl-

555 3566 678 3688 rmZ
703 3556 853 3631 cagia
935 3544 1031 3597 ter
1090 3529 1632 3624 synonymorum
1672 3543 1861 3636 copia
1912 3538 2216 3618 laborare
2264 3544 2565 3620 dicimus.

556 3646 632 3687 un
673 3640 741 3692 e?

1138 3722 1245 3797 Fit
1288 3726 1416 3803 hoc
1446 3782 1471 3819 ,
1527 3751 1675 3806 tum
1707 3733 1888 3827 quod
1913 3735 2211 3809 homines
2248 3761 2398 3816 ante
2437 3742 2507 3815 in
2549 3737 2822 3813 familias
2856 3760 2975 3817 ant
3003 3737 3203 3817 urbes
3252 3738 3372 3822 aut
3409 3747 3694 3843 populos
3730 3747 3853 3820 mi·

941 3842 1133 3891 nores
1174 3824 1362 3899 divifi
1415 3877 1438 3915 ,
1495 3854 1649 3901 cum
1695 3833 1766 3901 in
1813 3855 2025 3901 unum
2075 3834 2360 3928 aliquem
2399 3862 2716 3935 magnum
2778 3842 3103 3937 populum
3142 3846 3505 3920 coalescunt
3527 3894 3554 3934 ‚
3613 3843 3863 3941 finguli‘

939 3917 1262 3994 vocabula
1288 3976 1309 4008 ‚
1355 3926 1597 4017 quibus
1637 3946 1789 3999 ante
1828 3925 1925 3999 ufi
1952 3924 2148 4017 sunt,
2194 3936 2267 4004 &²
2283 3940 2351 4007 in
2386 3935 2675 4031 quibus,
2720 3942 3039 4032 quamdi-u
3092 3940 3355 4022 seorsim
3402 3942 3847 4033 habitabant,
3900 3996 3907 4003 -

936 4020 1287 4090 convenire
1321 4042 1456 4092 non
1503 4042 1810 4116 poterant
1831 4060 1881 4113 ‚v
1905 4029 1974 4097 in
2023 4053 2226 4104 unam
2264 4031 2554 4128 linguam
2581 4085 2610 4122 ‚
2659 4036 2845 4111 velut
2875 4040 2945 4112 in
2982 4064 3335 4116 commune
3370 4093 3394 4131 ‚
3459 4042 3805 4117 conferant
3826 4069 3849 4111 .-

945 4131 1093 4184 tum
1134 4140 1217 4186 ex
1265 4119 1763 4212 migrationibus
1802 4126 2099 4218 gentium
2155 4157 2175 4201 z
2218 4149 2369 4204 tum
2410 4157 2495 4206 ex
2523 4137 2971 4211 commerciis:
3012 4157 3161 4211 tum
3189 4140 3469 4236 denique
3498 4139 3646 4216 casu
3680 4165 3849 4237 quo-

935 4209 1090 4282 dam
1118 4263 1140 4301 ,
1198 4235 1312 4286 aut
1372 4243 1457 4288 ex
1490 4245 1714 4294 amore
1762 4226 2076 4295 novitatis
2101 4277 2125 4315 ‚
2178 4249 2376 4325 atque
2426 4233 2655 4308 eadem
2703 4233 2875 4330 saepe
2911 4237 3246 4331 repetendi
3291 4241 3518 4314 taedio.
3652 4241 3847 4329 Quin

938 4310 1004 4381 ἃ
1030 4306 1304 4385 artifices
1348 4313 1578 4413 singuli
1607 4369 1632 4407 ,
1693 4346 1849 4394 cum
1894 4322 1974 4394 de
2008 4324 2122 4398 sua
2146 4329 2417 4423 quisque
2452 4351 2591 4405 arte
2628 4333 2991 4429 loquuntur
3012 4386 3039 4423 ‚
3086 4335 3267 4411 aliter
3311 4336 3445 4412 fere
3488 4348 3636 4427 res,
3673 4342 3849 4411 circa

944 4430 1103 4500 quas
1130 4411 1501 4505 versantur,
1531 4436 1730 4514 atque
1757 4421 1909 4494 artis
1932 4425 2157 4512 rudes,
2180 4451 2414 4502 vocare
2437 4428 2661 4504 solent.
2741 4433 2949 4523 Qod
2986 4459 3127 4508 non
3170 4433 3417 4531 semper
3453 4448 3537 4511 'ex
3577 4430 3854 4512 neceffi-

940 4524 1076 4580 tate
1113 4508 1359 4586 factum
1383 4515 1474 4587 est
1495 4564 1525 4605 ,
1561 4518 1667 4593 sed
1701 4546 1885 4597 more
1913 4524 2286 4598 nostrorum
2339 4546 2727 4603 venatorum
2751 4581 2778 4618 ‚
2825 4549 2904 4602 ut
2941 4531 3070 4605 hoc
3097 4558 3362 4629 quoque
3406 4534 3612 4609 modo
3654 4533 3718 4608 se
3755 4530 3850 4605 ab

944 4608 1102 4682 artis
1127 4611 1446 4709 imperitis
1483 4616 1971 4723 diffinguerent.
2036 4624 2187 4703 Imo
2229 4628 2412 4703 nulla
2461 4653 2629 4725 pene
2656 4627 2752 4708 est
2775 4626 2933 4711 urbs
2952 4680 2980 4725 ,
3007 4631 3262 4708 nullum
3294 4635 3659 4731 oppidum,
3692 4631 3844 4802 mlii·

3778 4750 3860 4802 us
