4188 5670
936 366 1079 444 268
1829 354 2691 433 Panno-rioms
2770 370 2918 425 nt-

929 559 1068 611 non
1094 528 1608 624 subordinatur,
1666 555 2057 632 corruptum
2101 530 2223 614 effe
2263 534 2568 613 homini&
2598 533 2850 611 &mm
2872 582 2902 624 ,
2943 531 3236 629 ffloqno
3286 523 3598 611 invisum..
3737 534 3868 611 Sed

927 637 995 706 &
1030 634 1191 709 illud
1237 658 1491 714 certum
1552 633 1645 706 est
1666 684 1695 722 ,
1740 635 1811 705 in
1875 644 2192 727 corrupto
2248 636 2375 708 hoc
2423 631 2602 709 stetu
2647 683 2678 722 ‚
2737 634 2860 709 vix
2903 654 3282 729 quenquam
3332 631 3705 745 Quicquam
3733 630 3863 711 fac-

923 753 1152 806 turum
1196 783 1224 820 ‚
1259 736 1439 828 qnod
1488 734 1561 804 in
1617 734 1878 805 alterius
1937 733 2464 807 emolumentum
2517 732 2705 806 cedat
2734 783 2764 820 ,
2825 727 2878 805 fi
2929 730 3226 811 studium
3281 730 3418 808 alus
3475 730 3861 813 hominibus

917 832 1213 926 placendi
1261 831 1518 928 prorsus
1570 857 1656 904 ex
1702 833 2053 905 hominum
2090 833 2323 905 animis
2366 832 2684 916 tollatur5
2737 848 2815 903 nt
2850 830 3018 904 adeo
3064 831 3167 906 hic
3220 823 3494 903 affectus
3522 880 3550 918 ‚
3587 836 3704 926 qui
3751 858 3866 908 va.

915 925 1218 1006 niffimus
1281 932 1545 1004 videtur
1569 981 1594 1018 ,
1645 927 1695 1002 fi
1743 928 2106 1025 quemlibet
2139 933 2479 1005 hominem
2523 929 2789 1005 seorfim
2818 927 3059 1025 speeies
3082 981 3110 1019 ‚
3158 923 3241 1002 fit
3293 922 3662 1007 utiliffimus
3712 981 3741 1021 ‚
3811 930 3863 1006 fi

914 1031 1137 1105 totam
1189 1030 1538 1106 hominum
1588 1027 1962 1105 societatem
2008 1026 2392 1109 confideres.
2721 1034 2730 1040 '
2889 1038 2894 1045 '
3859 1084 3876 1091 -

1106 1173 1290 1245 Deus
1341 1172 1473 1268 ipse
1525 1176 1724 1269 igitur
1769 1200 1903 1248 non
1941 1172 2074 1248 fine
2122 1167 2327 1249 caussa
2359 1174 2517 1246 alios
2563 1170 2845 1243 aliorum
2888 1168 3142 1263 judiciis
3184 1167 3460 1264 stibkcit
3485 1200 3513 1254 ε
3567 1175 3675 1248 cui
3709 1170 3860 1249 sub-

907 1268 1178 1364 jedioni
1215 1272 1448 1349 frustra
1502 1272 1567 1345 se
1621 1275 1691 1346 in
1732 1273 2010 1348 solidum
2049 1271 2427 1368 Philosophi
2486 1266 2861 1342 subtrahere
2909 1291 3253 1345 conantur.
3373 1274 3666 1349 Unicum
3715 1295 3858 1349 tan.-

907 1392 1059 1442 tum
1135 1374 1498 1445 remedium
1553 1370 1644 1444 est
1688 1423 1714 1460 ,
1761 1372 1824 1445 se
1876 1374 2100 1467 aliquo
2154 1373 2358 1445 modo
2414 1372 2484 1443 in
2540 1366 2911 1441 libertatem
2959 1369 3334 1443 vindicandi
3377 1423 3403 1461 ,
3467 1375 3534 1446 δι
3579 1372 3710 1444 hoc
3759 1372 3860 1464 ju-

905 1494 1066 1563 gum
1100 1520 1125 1557 ,
1184 1472 1365 1564 quod
1410 1471 1757 1543 hominum
1798 1473 2039 1567 judicia
2090 1473 2287 1544 nobis
2341 1473 2732 1563 imponunt,
2786 1468 3203 1549 excutiendi3
3252 1465 3520 1547 fervens»
3567 1469 3856 1543 studium

902 1567 1199 1660 placendi
1244 1568 1395 1642 Deo
1442 1597 1467 1653 ‚-
1515 1568 1642 1643 hoc
1686 1573 1863 1644 enim
1918 1596 2054 1666 quo
2107 1570 2313 1664 magis
2386 1565 2609 1642 crescit
2630 1612 2652 1647 ‚
2711 1591 2792 1639 eo
2852 1565 3056 1661 magis
3124 1565 3412 1643 studium
3475 1570 3856 1643 hominibus

900 1664 1197 1758 placendi
1243 1667 1313 1739 in
1360 1666 1597 1754 nobis,
1656 1666 1708 1742 fi
1751 1697 1888 1745 non
1937 1668 2290 1765 exstinguit
2318 1718 2341 1757 ‚
2393 1665 2621 1740 saltem
2686 1664 3065 1738 moderatur
3097 1664 3412 1764 ,eousque
3442 1718 3466 1756 ‚
3521 1688 3603 1741 ut
3649 1668 3853 1753 ‚nullis

898 1760 1289 1839 hominibus
1342 1767 1594 1861 placere
1628 1768 2000 1851 studeamus
2030 1820 2055 1857 ‚
2111 1764 2231 1844 nisi
2277 1768 2394 1863 qui
2439 1769 2505 1839 &
2557 1759 2676 1858 ipfi
2722 1764 2874 1838 Deo
2917 1763 3229 1859 placent.
3287 1789 3485 1864 atque
3534 1764 3853 1862 approba-

900 1862 1159 1936 tionem
1195 1862 1494 1943 solotnm
1534 1866 1882 1949 hominum
1932 1871 2200 1964 piorum
2219 1917 2242 1956 ‚
2271 1869 2339 1941 δι
2378 1889 2532 1941 vere
2583 1863 2972 1954 sapientium
2999 1884 3403 1958 appetamus
3435 1918 3459 1954 ‚
3520 1890 3678 1941 eum
3709 1885 3851 1939 tan-

898 1982 1048 2035 tum
1097 1962 1167 2033 in
1220 1959 1424 2038 finem
1450 2015 1475 2053 ‚
1520 1988 1597 2041 ut
1649 1989 1836 2045 tanto
1892 1970 2103 2063 magis
2150 1990 2384 2041 eorum
2449 1962 2692 2057 judicio
2742 1958 3224 2037 confirmemur
3275 1970 3349 2045 in
3408 1967 3521 2042 via
3593 1963 3846 2059 justitiae

905 2061 972 2139 δε
1015 2058 1366 2140 sanctitatis
1401 2114 1425 2152 ‚
1495 2064 1560 2151 ἃς
1601 2066 1684 2139 ad
1722 2068 2047 2160 majorem
2107 2066 2422 2161 pietatem
2472 2064 2791 2137 continuo
2845 2064 3228 2139 excitemur.
3813 2060 3822 2071 ’

1887 2276 2500 2377 CAPUT
2645 2235 2853 2375 vn

897 2472 1265 2610 Qcm'odo
1321 2488 1688 2600 apperitus
1716 2483 2133 2601 filieitatis
2167 2544 2193 2592 ,
2246 2484 2310 2601 ci¹
2342 2506 2624 2571 natura
2682 2489 2947 2574 homini
2985 2488 3267 2572 inditus
3285 2545 3309 2590 ,
3352 2482 3454 2579 ὁ·
3505 2478 3837 2597 conscien-

1443 2618 1563 2690 tia
1590 2667 1618 2716 ,
1644 2603 2114 2723 ‹xssemiam
2171 2604 2538 2691 Numinis
2592 2608 2854 2723 probet
2871 2663 2898 2711 ,
2940 2600 3359 2717 estendam.

1092 2839 1222 2915 Uie
1263 2841 1479 2917 studio
1502 2834 1523 2856 ⁴
1553 2843 1691 2917 aliis
1776 2834 2072 2941 placendi
2113 2841 2442 2941 ‘poffemus
2486 2841 2838 2940 adjungere
2868 2841 3157 2936 pudorem
3172 2870 3200 2924 ‚-
3247 2841 3364 2938 qui
3396 2832 3666 2917 affectus
3704 2833 3830 2913 fine

920 2961 921 2964 ¹
1127 2938 1334 3011 dubio
1382 2943 1531 3013 ideo
1587 2942 1676 3015 ab
1723 2945 2010 3017 Auctore
2076 2965 2335 3018 naturae
2417 2940 2801 3015 homiwbur
2859 2942 3103 3016 inditus
3159 2937 3251 3014 est
3273 2991 3320 3028 „
3347 2959 3448 3012 ut.
3481 2960 3834 3013 caveantur

890 3033 1241 3109 innumera
1276 3038 1449 3116 mala
1501 3039 1567 3109 δι
1609 3044 1807 3111 noxia
1837 3043 2182 3116 hominum
2228 3040 2564 3128 societati,
2619 3041 2759 3114 imo
2797 3041 3182 3113 hominibus
3228 3037 3524 3135 frugalis,
3563 3034 3682 3110 nist
3738 3038 3835 3109 hic

887 3125 1165 3206 affeetus
1223 3136 1587 3210 maximam
1633 3139 1985 3211 hominum
2039 3157 2294 3233 partem
2359 3139 2744 3212 contineret.
2823 3140 2924 3213 Ut
2981 3138 3192 3213 verbo
3236 3140 3452 3216 dicum
3477 3188 3505 3226 ‚
3551 3140 3668 3231 qui
3712 3136 3837 3210 ani-

817 3236 821 3242 '
878 3256 1074 3305 mam
1114 3229 1308 3306 suam
1365 3233 1752 3329 cognoscere
1794 3235 2008 3311 studet
2032 3289 2054 3325 ,
2121 3237 2464 3310 innumera
2507 3238 2579 3311 in
2627 3235 2763 3334 ipsa
2795 3237 3284 3335 deprehendet,
3337 3261 3497 3334 quae
3547 3259 3703 3309 eam
3753 3233 3837 3308 ab

884 3330 1058 3406 Ente
1111 3329 1577 3429 sapientiffimo
1624 3335 1961 3410 conditam
2014 3332 2135 3410 effe
2169 3335 2478 3410 clamant.

1087 3485 1256 3560 Duo
1297 3505 1562 3560 tantum
1620 3499 1858 3579 praeter
1912 3498 2125 3558 cetera
2168 3474 2684 3557 observabimus.
2805 3505 2867 3560 1.
2914 3492 3270 3582 Appetitur
3293 3489 3620 3586 felicitatis
3641 3539 3666 3579 ,
3721 3472 3835 3584 qui

887 3579 982 3660 ‹st
1016 3585 1083 3654 in
1129 3583 1418 3658 homine.
1480 3604 1545 3660 2.
1612 3585 2072 3674 Conscientiam·
2165 3579 2375 3670 Quod
2419 3580 2502 3654 ad
2548 3589 2874 3677 appetimm
2945 3590 3231 3661 elicitam
3280 3590 3514 3662 attinet
3537 3639 3562 3675 ‚
3619 3607 3830 3664 tantm

888 3678 997 3751 ile
1039 3677 1130 3751 est
1160 3732 1183 3769 ,
1253 3704 1329 3755 ut
1376 3684 1632 3756 nullum
1665 3680 1923 3755 bonum
1960 3677 2229 3751 finitum
2295 3679 2482 3751 illum
2519 3679 2744 3754 satiate
2767 3708 2874 3778 pc,
2910 3706 3015 3768 1t;
3046 3687 3227 3781 quod
3256 3688 3632 3783 quotidiana
3676 3711 3825 3782 pro-

885 3773 1010 3852 bit
1065 3781 1479 3871 experientia.
1570 3780 1679 3856 Da
1737 3781 1915 3851 enim
1970 3777 2223 3849 homini
2250 3777 2590 3851 Mundum
2643 3781 2708 3853 &
2734 3785 2958 3857 omnia
2992 3835 3017 3873 ‚
3053 3810 3208 3880 quae
3244 3787 3313 3859 in
3353 3787 3602 3860 mundo
3643 3784 3827 3875 sunt,

892 3874 1107 3947 nihilo
1162 3874 1409 3950 felicior
1455 3878 1577 3950 erit
1606 3926 1630 3962 ‚
1679 3898 1880 3969 quam
1897 3869 1947 3945 fi
1982 3876 2329 3965 minimam
2363 3876 2595 3951 mundi
2627 3880 3017 3974 particulam
3057 3880 3413 3981 poffideret
3456 3912 3485 3969 ³
3544 3886 3683 3961 imo
3729 3887 3835 3961 hic
3881 3923 3888 3928 ·

905 3967 1325 4048 veriffimum
1364 3973 1461 4047 est
1501 3973 1660 4046 illud
1690 4023 1715 4062 ,

1267 4126 1406 4216 Qo
1454 4118 1588 4215 plus
1613 4117 1771 4216 sunt
1798 4136 1949 4215 pota
1959 4170 1984 4210 ‚
2033 4116 2174 4213 plus
2203 4115 2511 4210 sitiuntus·
2563 4149 2760 4227 aque.

881 4273 1085 4346 Hunc
1140 4270 1506 4365 appetitum
1561 4274 1768 4349 homo
1808 4271 1957 4348 sane
1992 4267 2137 4349 'fibi
2174 4270 2293 4370 ipsi
2342 4299 2479 4349 non
2516 4274 2791 4366 indidit-‚-
2844 4277 2957 4354 Est
2999 4276 3177 4355 enim
3208 4282 3281 4356 in
3319 4282 3587 4357 homine
3609 4277 3832 4353 invito

884 4364 1282 4465 saepifl‘nne‚·
1337 4372 1535 4447 vellet
1582 4370 1792 4448 satiari
1844 4372 2044 4448 bonis
2088 4371 2332 4463 finiti3‚
2363 4370 2417 4446 fi
2471 4380 2674 4453 modo
2713 4376 2934 4474 pofl‘et.
2995 4380 3192 4454 Unde
3237 4383 3441 4477 igitur
3488 4379 3580 4455 est
3603 4378 3641 4452 :²
3700 4375 3834 4451 fine

884 4466 1092 4543 dubio
1137 4467 1225 4541 ab
1270 4470 1558 4546 Auctore
1573 4524 1598 4559 ‚
1649 4475 1764 4567 qui
1788 4498 1936 4566 ‘non
1971 4475 2192 4568 potuit
2228 4498 2364 4545 non
2388 4468 2507 4545 effe
2545 4473 2823 4551 infinitae
2867 4476 3198 4553 bonitati&
3282 4482 3422 4554 Cur
3445 4480 3623 4553 enim
3650 4503 3834 4552 men·

882 4570 935 4641 ti
974 4566 1292 4643 indidisset
1305 4619 1328 4656 ‚
1369 4592 1444 4642 ut
1487 4572 1730 4668 aliquid
1770 4572 1981 4666 majus
2030 4590 2364 4668 appeteret
2405 4568 2469 4643 se
2508 4573 2701 4670 ipsa?
2749 4577 2889 4651 Cur
2921 4577 3211 4652 animam
3259 4598 3505 4654 crearet
3539 4578 3626 4650 ad
3672 4579 3832 4653 alte·

876 4667 1021 4742 -rius
1044 4668 1306 4762 potiuS,
1357 4689 1559 4766 quam
1607 4673 1693 4745 ad
1717 4665 1837 4766 sui,
1873 4671 2215 4768 gloriam?
2239 4674 2509 4762 Anmaa,
2571 4674 2784 4771 inquit
2821 4679 3198 4774 Augustinus
3218 4728 3244 4766 ‚
3292 4677 3373 4773 est
3412 4682 3454 4749 ei
3482 4685 3596 4751 Te.
3637 4699 3840 4776 neque

3551 4841 3559 4848 .
3595 4802 3813 4877 '’effi-'le
3823 4814 3836 4823 ·
