4188 5670
847 297 944 368 90
1331 264 1983 341 D1ssnn‘r.
2111 250 3364 341 neLoGomsscurrs

845 458 993 530 bene
1047 448 1366 550 loquendi:
1421 445 1526 517 alii
1571 444 1823 516 addunt
1844 494 1869 532 ,
1907 441 2362 536 &scribendie
2419 466 2621 540 quam
2652 444 2955 540 imperite
2979 494 3007 536 ‚
3090 471 3293 542 quam
3348 448 3766 546 invenustum

821 554 946 626 ,est
979 550 1165 723 filling
1201 547 1395 700 Etpin
1447 542 1830 620 definitione
1854 594 1878 634 ‚
1926 567 2080 639 quae
2125 543 2254 638 lme
2308 548 2676 639 copulatione
2734 542 2826 634 &²
2884 547 3254 642 distinetione
3297 557 3577 643 partium
3632 581 3775 650 pro·

855 679 989 743 pom
1083 675 1119 722 e
1170 670 1237 721 et
1272 704 1291 721 .

476 863 765 946 Defin‘ftio.
1061 849 1167 920 De
1214 841 1653 919 definitionibus
1690 847 2000 914 nominum
2046 837 2371 936 disputare
2412 838 2478 913 in
2509 840 2918 939 Philosophia
2959 841 3049 917 est
3100 865 3319 940 aperte
3377 858 3767 940 λεγμαχεῖι.

477 968 567 1005 nes
592 961 760 1012 nomn·-
871 947 997 1023 Sed
1031 949 1396 1020 innumerae
1435 941 1581 1015 sunt
1638 939 2048 1013 definitiones
2071 990 2097 1029 ,
2157 965 2309 1034 quae
2365 940 2672 1014 videntur
2741 940 2861 1017 effe
2924 942 3333 1017 definitiones
3402 949 3498 1019 rei
3532 997 3555 1032 ,
3625 976 3774 1023 cum

473 1049 659 1192 222}ae
865 1067 1090 1120 tamen
1149 1067 1348 1115 mette
1392 1038 1521 1113 fint
1566 1036 1978 1112 definitiones
2026 1039 2396 1111 nominum.
2504 1036 2805 1113 Cauffam
2876 1066 3000 1136 ego
3050 1039 3292 1115 definio
3333 1092 3357 1131 ‚
3414 1045 3773 1141 principium

865 1147 948 1219 ab
984 1173 1045 1219 eo
1067 1195 1090 1231 ,
1135 1143 1300 1229 cujus
1338 1146 1700 1234 principium
1751 1142 1829 1231 est
1850 1187 1874 1224 ‚
1917 1135 2115 1229 reapse
2152 1136 2515 1230 distint‘ium.
2599 1139 2711 1212 Tu
2736 1137 2992 1213 fortaffe
3025 1141 3206 1213 aliter
3229 1193 3254 1229 ,
3308 1169 3431 1217 nec
3455 1168 3769 1241 repugno.

862 1245 985 1318 Sed
1031 1247 1162 1330 ita,
1198 1243 1287 1312 ais
1315 1289 1340 1326 ,
1381 1263 1503 1311 nee
1542 1238 1813 1310 materia
1858 1260 1980 1308 nec
2011 1234 2227 1308 forma
2271 1233 2501 1309 cauffie
2555 1258 2747 1310 erunt
2794 1241 3103 1332 corporis.
3176 1242 3295 1313 Illa
3347 1243 3526 1315 enim
3562 1246 3598 1314 a
3634 1270 3772 1319 cor-

859 1368 1022 1437 pore
1069 1363 1330 1414 tantum
1378 1336 1787 1431 distinguitur
1829 1329 2274 1407 confiderandi
2324 1334 2574 1407 modo:
2627 1338 2772 1408 haec
2803 1338 3122 1414 modaliter
3168 1390 3193 1426 ‚
3262 1357 3342 1412 ut
3386 1344 3772 1417 recentiores

858 1437 1228 1535 Philosophi
1272 1438 1652 1530 loquuntur.
1761 1435 1853 1508 At
1883 1433 2041 1527 quid
2076 1434 2184 1506 hic
2218 1433 2370 1508 mali
2425 1432 2517 1506 est
2565 1431 2600 1505 ‚⁹
2673 1435 2739 1506 Si
2777 1437 3077 1509 materiae
3137 1441 3201 1510 ἃ
3260 1436 3499 1512 formae
3547 1441 3773 1516 cauffae

861 1564 1107 1611 nomen
1148 1537 1491 1611 adimimus
1516 1583 1538 1622 ,
1577 1532 1900 1626 numquid
1958 1532 2032 1603 iis
2078 1530 2410 1608 decedet?
2463 1528 2611 1606 Nifi
2647 1528 2820 1606 forte
2863 1559 3168 1607 veremur
3193 1585 3212 1614 ‚
3254 1562 3338 1609 ne
3383 1559 3661 1632 utraque
3708 1544 3773 1614 in

859 1638 961 1729 jus
990 1662 1109 1707 nos
1156 1651 1353 1710 vocet
1377 1649 1644 1728 propter
1679 1631 1948 1704 titulum
1973 1681 1997 1718 ‚
2059 1655 2197 1724 quo
2233 1629 2484 1721 jamdiu
2536 1628 2777 1723 gavisae
2808 1632 2977 1714 ⁴sunt
3000 1684 3023 1718 ,
3086 1633 3453 1709 ademtum.
3580 1639 3708 1712 Sed
3737 1691 3763 1727 ,

859 1736 1071 1828 inquis
1104 1786 1128 1822 ‚
1174 1759 1384 1829 neque
1412 1752 1622 1826 partes
1658 1729 1946 1824 corporis
1986 1751 2182 1804 erunt
2219 1730 2495 1803 materia
2537 1730 2603 1802 &
2653 1724 2917 1819 forma',
2978 1727 3029 1802 fi
3073 1756 3231 1806 vera
3277 1752 3395 1807 tua
3435 1734 3527 1808 est
3587 1740 3773 1829 partis

863 1829 1159 1906 definitio
1191 1860 1208 1904 z
1239 1831 1417 1926 quod
1451 1856 1544 1902 res
1572 1828 1663 1922 fit
1698 1828 1778 1900 ab
1814 1830 1939 1902 alia
1962 1854 2028 1901 re
2050 1825 2317 1920 ejusdem
2354 1833 2532 1901 totius
2579 1828 2825 1902 realiter
2872 1831 3198 1923 distim‘iam
3279 1833 3516 1905 Fateor
3555 1836 3621 1906 &
3651 1837 3773 1908 hoc

854 1934 1044 2023 partis
1126 1928 1557 2004 nudabuntur
1619 1927 1890 2000 nomine
1936 1952 1956 1999 ε
2035 1923 2147 2002 sed
2214 1925 2416 2002 nihilo
2469 1942 2818 2024 propterea
2863 1925 3252 2026 ignobiliora
3309 1948 3505 2006 erunt
3549 1957 3772 2028 corpo·

860 2054 1014 2102 rum
1065 2031 1398 2125 principia.

471 2179 704 2242 Motus.
1445 2225 1460 2245 .
2218 2223 2232 2243 .
2269 2225 2284 2244 .
2530 2230 2545 2247 .
2728 2228 2744 2246 .
2968 2232 2982 2248 .
3196 2233 3207 2249 .
3498 2229 3513 2245 .
3731 2237 3737 2244 .

1054 2224 1331 2304 Pessima
1351 2278 1375 2315 ‚
1402 2251 1520 2313 ars,
1559 2244 1675 2299 tua
1704 2240 1892 2298 motus·
1927 2217 2331 2299 estdefimtro
2357 2276 2382 2312 ‚
2431 2249 2587 2321 qma
2626 2226 2745 2299 soh
2783 2244 2979 2300 motui
3027 2227 3205 2301 locali
3232 2246 3559 2302 convenit.
3643 2227 3770 2303 Sed

862 2326 1019 2421 quid
1065 2324 1115 2399 fi
1150 2326 1366 2399 solum
1409 2344 1673 2397 motum
1720 2324 1992 2394 localem
2032 2319 2304 2396 definire
2348 2326 2532 2398 volui
2575 2324 2611 2397 3²
2658 2327 2818 2422 quid
2840 2323 2892 2398 fi
2914 2351 3035 2419 ego
3061 2325 3270 2398 solum
3284 2327 3472 2398 -hunc
3499 2348 3767 2399 motum

859 2449 1034 2498 voco
1061 2432 1095 2493 ,θ
1137 2428 1226 2500 At
1263 2428 1355 2496 ita
1377 2430 1683 2519 generatio
1697 2472 1723 2510 ‚
1750 2427 2046 2512 corruptio
2077 2470 2103 2507 ,
2135 2431 2544 2519 augmentatio
2570 2475 2593 2512 ‚
2641 2425 2969 2499 diminutio
2992 2475 3017 2512 ‚
3052 2425 3353 2514 alteratio,
3378 2442 3598 2498 motus
3630 2449 3770 2496 non

855 2544 1072 2609 erunt.
1160 2524 1246 2597 At
1278 2541 1351 2595 tu
1378 2520 1538 2615 jube
1570 2521 1722 2594 istos
1761 2538 1983 2592 motus
2019 2519 2228 2614 vulgo
2279 2521 2486 2596 dictos
2541 2521 2725 2597 bono
2771 2524 2995 2598 animo
3030 2521 3160 2595 effe
3187 2574 3214 2611 ‚
3253 2524 3412 2595 alius
3457 2526 3537 2596 iis
3591 2547 3770 2618 quae·

857 2641 1039 2695 retur
1075 2622 1308 2700 titulus
1344 2622 1415 2694 in
1466 2624 1604 2718 ejus
1652 2621 1873 2693 locum
1899 2669 1926 2710 ‚
1982 2642 2184 2713 quem
2232 2618 2393 2693 olim
2448 2617 2535 2693 ab
2597 2620 2943 2699 Aristotele
2991 2642 3399 2717 acceperunt.

471 2825 781 2911 Divcfiones
1051 2821 1218 2895 Non
1253 2820 1514 2913 majoris
1562 2820 1711 2893 sunt
1749 2815 2072 2892 momenti
2120 2812 2585 2911 disputationes
2607 2871 2631 2908 ,
2677 2819 2752 2893 de
2781 2817 3167 2911 divifionibm
3217 2844 3457 2893 rerum.
3588 2818 3750 2893 Rec-

471 2929 674 2973 rerum.
857 2914 1066 2993 tiusne
1117 2926 1236 2989 Em
1271 2926 1337 2990 in
1364 2919 1562 2992 decem
1592 2926 1918 3014 categorias·
1941 2966 1967 3005 ‚
1995 2942 2076 2989 an
2104 2923 2173 2986 in
2188 2920 2347 2988 duas
2372 2966 2399 3002 ‚
2443 2942 2526 2988 an
2557 2925 2624 2990 in
2652 2938 2776 2992 tres
2793 2919 3139 2991 dividatur.
3250 2926 3525 2992 Satitune
3556 2916 3647 3006 fit
3670 2917 3762 2990 di-

858 3015 1070 3089 videre
1111 3016 1588 3115 magnitudinem
1608 3065 1634 3103 ‚
1662 3023 1728 3085 in
1747 3017 1966 3086 lineam
1992 3012 2084 3100 ἓξ
2106 3014 2403 3087 lineatum
2425 3060 2447 3094 ‚
2495 3016 2790 3089 lineatum
2806 3041 2950 3088 vero
2977 3065 3001 3102 ‚
3051 3022 3119 3086 in
3121 3014 3498 3111 superficiem
3524 3012 3615 3102 &3⁹
3634 3038 3764 3087 cor-

849 3137 964 3210 pus
985 3143 1005 3183 .·
1068 3140 1149 3186 an
1197 3121 1474 3186 continuo
1497 3113 1850 3209 magnitudo
1877 3112 2213 3184 dividenda
2227 3112 2318 3203 fit
2333 3121 2399 3185 in
2419 3114 2652 3186 lineam
2674 3163 2699 3200 ,
2750 3117 3085 3209 upevficiem
3110 3164 3134 3200 ‚
3175 3111 3266 3201 ἓξ
3296 3135 3511 3207 corpus.
3606 3114 3672 3188 Si
3680 3131 3754 3184 nt

855 3240 941 3291 ne
1027 3221 1255 3314 uinque
1277 3232 1540 3285 tanturn
1558 3209 1756 3301 sensus
1797 3218 2033 3283 externi
2063 3260 2087 3297 ‚
2134 3235 2221 3283 an
2246 3211 2362 3303 sex
2384 3262 2408 3298 ,
2440 3231 2518 3284 ut
2546 3212 2821 3308 Scaliger
2862 3212 3218 3299 voluit,an
3233 3214 3435 3305 plures·
3461 3263 3486 3300 ‚
3512 3229 3593 3285 ut
3622 3211 3747 3295 illi,

462 3350 659 3417 Exere.
854 3314 968 3408 qui
985 3240 1292 3405 (statuunt,
1320 3314 1574 3383 tedium
1615 3335 1753 3381 non
1799 3306 1916 3381 esse
1957 3307 2214 3382 sensum
2242 3311 2514 3383 unicum
2541 3362 2566 3398 ‚
2593 3309 2698 3385 sed
2732 3331 2836 3384 tot
2864 3308 3098 3406 species
3127 3307 3338 3384 sensus
3363 3362 3386 3398 ,
3432 3330 3595 3404 quot
3624 3307 3756 3400 spe-

463 3434 590 3495 εὰν.
617 3426 744 3487 Cat.
857 3413 980 3484 cies
1021 3411 1171 3483 sunt
1214 3411 1537 3485 munium
1578 3410 1985 3503 qualitatum.
2091 3416 2316 3485 Duone
2358 3430 2622 3482 tantum
2658 3406 2790 3483 fint
2834 3411 3210 3489 plantarum
3244 3433 3477 3505 genera
3520 3404 3757 3477 arbores

463 3513 706 3576 danum·
854 3511 920 3581 &
952 3510 1144 3581 berbae
1161 3560 1184 3595 ‚
1211 3530 1291 3578 ut
1312 3506 1532 3582 Moses
1557 3509 1889 3601 quondam
1920 3510 2171 3601 plantas
2214 3503 2433 3578 divisit
2460 3535 2478 3577 ε
2511 3532 2595 3579 an
2632 3526 2798 3594 tres,
2821 3508 3098 3595 arbores,
3115 3511 3423 3604 frutices,
3456 3508 3520 3578 &
3543 3503 3767 3577 herbae:

468 3598 600 3668 ²3⁶·
853 3632 954 3680 an.
981 3625 1248 3704 quatuor
1272 3655 1298 3691 ,
1330 3607 1568 3679 arbores
1589 3655 1614 3692 ,
1643 3608 1910 3699 frutices
1938 3654 1964 3693 ,
1997 3605 2191 3677 herba
2209 3654 2233 3690 ,
2270 3608 2334 3676 &
2357 3606 2519 3676 olera
2560 3633 2580 3672 :
2600 3630 2686 3675 an
2719 3607 2913 3679 etiam
2938 3615 3226 3708 quintum
3271 3628 3477 3700 genus
3522 3600 3605 3675 fit
3632 3602 3751 3675 ad-

850 3703 1139 3775 dendum
1168 3754 1191 3789 ‚
1237 3728 1370 3797 quo
1387 3706 1617 3801 fungi,
1669 3702 1889 3775 tubera
1928 3704 1993 3773 ὃς
2032 3701 2101 3771 id
2143 3726 2348 3795 genus
2375 3703 2500 3775 alia
2533 3704 3188 3797 comprehendantur.
3268 3702 3757 3796 Logomachiae‚
3872 3712 3876 3717 ’

847 3826 1002 3893 quae
1027 3801 1456 3881 scrutatorem
1495 3799 1786 3873 veritatis
1814 3818 2228 3870 remorantur
2264 3803 2280 3871 Σ
2319 3803 2419 3877 An
2472 3797 2818 3872 esurientes
2860 3802 2930 3873 in
2973 3803 3280 3879 convivio
3333 3798 3578 3873 ferrent
3602 3792 3756 3872 Scis-

846 3898 1017 3972 sores
1045 3898 1444 3972 ferculotum
1470 3950 1494 3986 ,
1559 3897 1674 3968 diu
1717 3896 1884 3968 inter
1932 3893 1992 3966 se
2030 3894 2455 3988 disceptantes
2485 3946 2511 3985 ‚
2558 3899 2626 3969 in
2679 3918 2849 3992 quot
2888 3897 3089 3975 frusta
3143 3897 3457 3997 acipenser
3513 3891 3762 3994 apposi-

846 4015 953 4071 tus
999 3995 1083 4070 fit
1120 3994 1617 4086 discerpendus,
1670 4013 1787 4067 aut
1815 4046 1837 4083 ‚
1883 4016 1960 4067 ut
1987 3993 2079 4070 est
2129 3994 2303 4088 apud
2361 3997 2730 4088 Satyricum
2761 4048 2786 4085 ‚

1492 4203 1633 4292 Qo
1664 4195 1833 4290 gestu
1878 4195 2091 4285 lepores
2158 4187 2246 4281 ἓξ
2291 4216 2411 4292 quo
2455 4194 2681 4292 gaHina
2719 4191 2962 4286 secetur
3002 4195 3050 4270 ε’

455 4318 710 4436 Juvenal.
751 4348 794 4418 l.

465 4461 517 4504 ι.
547 4439 665 4502 Sat.
714 4458 765 4515 5·
919 4370 926 4381 ⁸
1037 4388 1137 4465 Ita
1180 4387 1327 4467 sane
1377 4414 1588 4487 neque
1633 4388 1808 4463 avidi
1848 4387 2137 4461 veritatis
2188 4386 2356 4462 ferre
2396 4386 2659 4483 poffunt
2687 4411 2947 4465 moram
2977 4440 3002 4476 ‚
3035 4414 3190 4484 quae
3232 4389 3369 4484 jam
3421 4386 3758 4477 nonxdico

845 4487 1271 4587 diyifionibus
1302 4540 1327 4576 ‚
1401 4488 1507 4563 sed
1580 4485 2122 4582 disputationibus
2180 4487 2261 4558 de
2304 4484 2733 4559 divisionibus
2788 4489 3205 4581 impenditur.
3365 4490 3762 4563 Dummodo

843 4590 1100 4667 nullum
1143 4591 1216 4665 in
1258 4576 1548 4665 sciffione
1590 4610 1826 4670 verum
1868 4583 2146 4661 frustum
2179 4582 2373 4659 nobis
2417 4602 2640 4681 pereat
2686 4610 2706 4656 ε
2823 4586 3190 4662 dummodo
3241 4588 3419 4661 nulla
3468 4589 3537 4660 iu
3561 4587 3768 4760 ddivdi·

3609 4708 3688 4760 en
3737 4708 3780 4754 o
