4188 5670
1166 319 2083 417 ’βκιετεΝΤιΑ
2173 316 2439 388 Da1.
3079 336 3270 407 -2ς3

331 511 614 601 Hocque
664 503 829 576 adeo
873 523 1111 573 verum
1154 496 1246 573 est
1264 549 1289 584 ‚
1337 513 1415 569 ut
1460 518 1690 568 omnes
1749 492 2173 589 Philosophi,
2231 513 2568 589 quotquot
2635 494 2944 586 fuerunt,
3024 525 3106 571 ne
3147 503 3278 589 Epi,

329 635 474 684 curo
531 605 799 700 quidem
829 618 1104 693 excepto
1132 648 1154 685 ,
1206 599 1275 668 in
1305 595 1435 668 hoc
1490 591 1968 681 consenserints
2024 594 2167 677 dari
2210 594 2447 667 scilicet
2486 600 2758 684 primum
2798 599 3058 719 aliquod·
3072 620 3279 668 rerum

330 714 602 781 omnium
650 705 1054 796 principium,
1108 695 1287 791 quod
1330 712 1675 790 propterea
1731 693 1817 766 ab
1877 692 2007 765 alio
2058 691 2242 763 nullo
2297 688 2382 764 fit
2430 698 2658 765 ortum
2687 746 2712 781 ‚
2778 698 2842 767 &
2883 722 2920 765 a
2976 722 3109 790 quo
3136 717 3283 767 orta

330 803 461 880 fint
512 823 730 880 cetera
769 799 1010 873 omnia.
1084 801 1250 871 Hoc
1300 811 1564 868 tantum
1618 788 1786 865 inter
1842 816 1955 867 eos
2006 787 2363 886 quaefitum
2443 789 2577 880 est,
2631 792 2971 888 quodnam
3017 790 3106 866 fit
3153 795 3280 865 hoc

333 905 754 1002 principium.

537 1054 747 1150 Qod
814 1047 867 1122 fi
917 1072 1082 1124 vero
1126 1048 1259 1123 Ens
1307 1046 1470 1119 illud
1524 1040 1963 1139 independens
2004 1040 2241 1132 existit,
2305 1041 2517 1119 existit
2578 1043 2887 1141 necqfflzrio
2907 1097 2933 1134 ,
3008 1049 3074 1118 ἃ,
3147 1071 3287 1119 non

336 1158 558 1265 potest
608 1179 749 1229 non
798 1145 921 1221 effe
943 1198 969 1237 ,
1025 1151 1091 1221 &
1137 1171 1251 1242 per
1301 1144 1702 1237 consequens
1728 1143 1873 1238 fuit
1943 1140 2025 1214 ab
2087 1160 2305 1216 aeterno
2333 1194 2356 1231 ,
2408 1146 2472 1215 &
2528 1145 2778 1241 semper
2821 1145 2917 1219 est
2963 1145 3282 1220 futurum.

541 1305 631 1379 Et
684 1304 838 1400 quia
875 1301 1008 1375 Ens
1050 1291 1464 1370 necessarium
1504 1318 1645 1366 non
1691 1292 1897 1368 modo
1950 1290 2295 1367 neceffario
2350 1295 2565 1372 existit
2588 1345 2612 1381 ,
2680 1294 2787 1383 sed
2832 1292 3170 1369 neceffario
3199 1296 3290 1368 est

337 1398 411 1473 id
464 1405 647 1495 quod
697 1400 787 1476 est
813 1430 840 1485 ς
890 1424 1029 1472 non
1091 1394 1267 1470 enim
1307 1388 1643 1487 poffumus
1690 1392 2029 1486 concipere
2076 1393 2477 1482 necfftaetem
2516 1396 2839 1488 existentia
2860 1447 2885 1481 ,
2932 1390 3066 1467 fine
3105 1394 3292 1487 neces-

327 1496 523 1588 fitate
558 1500 853 1597 ffntiae3
911 1499 1066 1570 hinc
1119 1513 1390 1588 quoque
1454 1487 1738 1564 efficitur
1783 1489 2110 1565 effentiam
2180 1493 2319 1586 ejus
2369 1491 2491 1566 effe
2539 1492 3003 1567 immutabilem.
3084 1492 3292 1583 Qod

340 1591 395 1671 sl
439 1600 906 1675 enim‘mutari
938 1591 1192 1692 pofl'et,
1257 1610 1376 1663 aut
1425 1591 1463 1660 a
1502 1588 1703 1687 seipso
1740 1589 1948 1685 poffet
2002 1593 2249 1664 mutari
2281 1611 2396 1664 aut
2440 1589 2526 1664 ab
2553 1593 2707 1666 alio.
2800 1594 2860 1665 A
2913 1590 3115 1685 seipso
3157 1617 3295 1665 non

340 1699 556 1789 potest
610 1700 918 1785 mutari,
980 1693 1137 1790 quia
1183 1687 1529 1763 necefl'ario
1577 1689 1669 1762 est
1715 1691 1784 1762 id
1829 1688 2011 1785 quod
2056 1690 2167 1764 est.
2238 1690 2487 1785 Neque
2539 1693 2736 1786 etiarn
2778 1688 2865 1763 ab
2914 1692 3089 1780 alio,
3139 1694 3296 1785 quia

342 1796 391 1864 a·
428 1799 613 1874 nullo
666 1800 796 1872 alio
816 1850 839 1886 ,
877 1818 1094 1887 neque
1134 1790 1355 1887 quoad
1406 1787 1816 1861 existentiam
1842 1841 1868 1877 ,
1918 1813 2133 1883 neque
2176 1789 2395 1883 quoad
2418 1786 2744 1864 essentiam
2771 1840 2796 1877 ,
2848 1790 3191 1884 dependet.

545 1955 754 2042 Quod
786 1948 838 2024 fi
889 1974 1048 2022 vero
1087 1943 1174 2021 ab
1222 1946 1351 2018 hoc
1386 1952 1558 2040 Bate,
1587 1943 2008 2039 independente
2104 1943 2247 2016 lura
2308 1942 2432 2015 alia
2475 1942 2845 2039 dependent
2876 1999 2900 2035 ,
2959 1951 3089 2023 hoc
3135 1975 3299 2046 quo-

349 2076 484 2146 que
550 2053 700 2123 inde
769 2049 1062 2143 sequitur
1085 2097 1110 2134 ,
1157 2044 1408 2116 nullam
1465 2041 1930 2130 perfectionem
1983 1971 2103 2115 eng
2142 2045 2214 2115 in
2266 2039 2529 2115 entibus
2575 2043 2703 2117 istis
2741 2045 3295 2141 dependentibus,

298 2196 305 2203 -
350 2174 515 2244 quae
558 2174 697 2221 non
750 2147 832 2221 fit
881 2149 950 2218 in
984 2148 1164 2220 Ente
1201 2143 1676 2237 independente
1699 2192 1723 2228 ,
1771 2144 1811 2215 a
1853 2167 1987 2237 quo
2039 2139 2363 2236 produdta
2404 2138 2598 2215 sunt:
2641 2142 2839 2239 idque
2888 2144 2981 2222 ita
3006 2198 3031 2235 ,
3074 2169 3154 2223 ut
3191 2151 3302 2223 hae

348 2250 427 2333 iu
468 2244 610 2340 ipso
670 2243 800 2321 fint
847 2244 1355 2340 independenter
1381 2292 1407 2332 ,
1481 2236 1822 2316 neceffatio
1840 2291 1866 2331 ,
1935 2237 2476 2333 immutabiliter,
2537 2240 2913 2340 fiterintque
2969 2248 3038 2319 in
3082 2274 3162 2322 eo
3211 2242 3300 2322 ab

350 2368 634 2421 aeterno.

551 2490 847 2583 Qando
907 2491 1053 2564 dico
1079 2541 1104 2578 ,
1155 2490 1404 2563 nullam
1467 2491 1700 2562 harum
1767 2486 2245 2584 perfectionum
2304 2487 2392 2562 ab
2442 2491 2571 2565 hoc
2617 2493 2788 2566 Ente
2847 2489 3058 2568 abefl'e
3101 2487 3301 2589 poffe,

286 2652 293 2669 .
360 2590 655 2686 intelligo
701 2592 766 2663 id
789 2616 873 2663 eo
916 2589 1095 2662 sensu
1129 2639 1152 2676 ,
1197 2613 1334 2683 quo
1379 2589 1586 2683 vulgo
1612 2588 1981 2681 Philosophi
2019 2589 2393 2683 intelligunt
2420 2639 2445 2676 ,
2494 2591 2599 2662 illa
2628 2588 2749 2664 effe
2797 2591 2867 2663 in
2917 2617 2998 2664 eo
3021 2643 3043 2679 ,
3082 2590 3131 2664 si
3168 2615 3307 2663 non

338 2692 703 2789 fhrvnaliter
727 2739 750 2774 ,
796 2707 969 2760 certe
1035 2689 1396 2775 viv-tudini·
1440 2689 1505 2757 &
1553 2693 1925 2768 minentem
1967 2687 2331 2760 virtualiter
2352 2738 2375 2773 ,
2431 2689 2473 2759 i.
2528 2713 2584 2760 e.
2632 2690 2700 2760 in
2742 2689 2912 2762 Ente
2960 2690 3072 2762 illo
3130 2689 3309 2762 inde-

358 2787 695 2884 pendente
739 2805 995 2858 tantam
1047 2781 1167 2856 effe
1220 2782 1732 2878 perfeffionem,
1807 2802 2053 2876 quanta
2103 2785 2457 2876 requiritur
2495 2786 2579 2858 ad
2629 2789 2853 2861 omnia
2926 2791 3096 2862 entia
3152 2790 3189 2860 a
3245 2784 3308 2862 se

359 2886 800 2984 dependentia
836 2882 1274 2979 producenda.
1347 2882 1606 2954 Deinde
1658 2876 1777 2952 effe
1804 2883 1874 2953 in
1922 2884 2049 2953 hoc
2087 2885 2257 2955 Ente
2280 2933 2305 2970 ,
2353 2880 2400 2954 fi
2445 2908 2580 2956 non
2627 2885 2788 2978 ipsas
2827 2889 2941 2962 has
2969 2886 3309 2980 perfectio-

356 3010 479 3060 nes
532 3007 754 3057 rerum
791 2982 830 3053 a
881 2980 946 3053 se
986 2981 1459 3076 productarum
1486 3029 1509 3066 ,
1569 2978 1796 3051 [altem
1855 2979 2098 3075 aliquid
2146 2981 2247 3054 his
2290 2979 2797 3078 perfectionibus
2839 2989 3298 3077 excellentius,

360 3084 550 3182 quod
606 3107 831 3156 earum
877 3080 1101 3154 locum
1146 3077 1441 3176 supplere
1486 3074 1707 3173 poffit.

566 3239 743 3312 Cum
794 3236 989 3330 igitur
1036 3232 1623 3308 demonstravimus
1685 3233 1822 3309 dari
1883 3237 2018 3310 Ens
2049 3240 2316 3337 aliquod
2360 3241 2802 3336 independens
2827 3293 2851 3330 ,
2910 3246 2948 3316 ὲ
2998 3266 3133 3340 quo
3193 3237 3316 3311 alia

214 3417 227 3422 ,
370 3337 587 3411 multa
632 3335 1003 3430 dependent
1027 3382 1051 3418 ,
1096 3333 1688 3408 demonstravimus
1740 3331 1929 3406 fimul
1962 3387 1987 3422 ,
2018 3338 2160 3412 dari
2189 3342 2321 3412 Ens
2360 3341 2630 3433 aliquod
2657 3336 3099 3424 neceffarium,
3131 3357 3349 3409 aeter--

294 3457 315 3484 ⁸
373 3460 544 3508 num
567 3488 590 3523 ,
646 3430 1106 3520 immutabile,
1163 3432 1343 3527 quod
1397 3429 1484 3502 ab
1543 3451 1796 3504 aeterno
1830 3481 1852 3518 ,
1908 3433 2249 3508 neceffiuio
2325 3438 2390 3507 δι
2428 3435 2923 3512 immutabiliter
2962 3438 3266 3513 habuerit
3289 3482 3317 3523 ,

376 3539 442 3608 &
496 3535 731 3607 habeat
752 3583 774 3620 ,
832 3554 1065 3606 omnes
1101 3528 1527 3626 perfectiones
1563 3554 1785 3604 rerum
1838 3532 1876 3600 a
1910 3528 1975 3604 se
2012 3533 2563 3629 dependentium3
2608 3536 2748 3606 imo
2791 3536 3317 3626 excellentiores,

375 3636 565 3729 atqui
608 3636 734 3708 hoc
780 3632 911 3705 Ens
966 3631 1190 3703 Deum
1237 3651 1575 3703 vocamus.

573 3779 686 3854 Ne
735 3802 898 3851 vero
942 3779 1169 3853 Deum
1222 3803 1372 3851 cum
1439 3775 1584 3850 aleis
1626 3774 1888 3851 entibus
1936 3776 2024 3853 ab
2071 3807 2154 3856 eo
2219 3781 2736 3879 dependentibus
2800 3790 3316 3874 confundamus3

380 3883 793 3976 inquiramus
866 3901 1065 3973 porro
1142 3877 1480 3972 quodnam
1527 3877 1686 3952 illud
1726 3878 1860 3952 Ens
1930 3880 2372 3977 independens
2418 3884 2502 3961 fit
2525 3937 2548 3974 ,
2578 3889 2761 3984 quod
2813 3889 2934 3967 effe
2981 3889 3321 3968 neceffario

384 3977 995 4054 demonstravimus.

584 4131 896 4210 Occurrit
929 4131 1148 4225 primo
1196 4128 1301 4200 hic
1336 4124 1529 4201 nobis
1572 4128 1858 4202 mundus
1902 4136 2252 4209 materialis
2300 4140 2365 4216 &
2393 4137 2791 4234 asped‘tabilis
2816 4173 2967 4222 cum
3014 4142 3326 4223 omnibus

388 4237 516 4310 suis
559 4231 869 4330 partibus.
923 4230 1268 4318 Qaeritur
1313 4252 1399 4299 an
1443 4250 1578 4299 non
1627 4245 1808 4300 totus
1859 4228 1972 4302 iste
2029 4236 2324 4309 mundus
2387 4235 2469 4312 fit
2518 4243 2678 4316 illud
2717 4270 2870 4333 ens,
2919 4248 3101 4340 quod
3145 4266 3328 4338 quae-

393 4337 596 4409 rimus
625 4332 660 4405 ‘2'
700 4332 825 4404 Sed
852 4325 1280 4422 probabimus
1305 4326 1372 4398 in
1405 4322 1820 4419 sequentibus
1862 4328 2155 4420 planius,
2188 4337 2513 4411 mundum
2556 4342 2733 4415 hunc
2764 4343 3053 4419 formam
3072 4389 3097 4425 ‚
3126 4317 3329 4434 quam

389 4431 616 4520 habet,
649 4433 785 4502 iion
822 4425 1062 4500 habere
1091 4452 1131 4498 a
1157 4422 1565 4519 seipso,quod
1586 4449 1763 4497 nunc
1782 4443 2100 4520 tanquam
2124 4429 2640 4510 demonstratum
2661 4434 3109 4537 supponimus.
3149 4438 3330 4508 Hoc-

399 4558 561 4606 vero
609 4528 656 4604 fi
713 4527 828 4615 est,
877 4527 1146 4600 minime
1168 4524 1294 4596 dici
1341 4523 1555 4620 potest
1578 4576 1603 4610 ,
1653 4521 1981 4597 mundum
2024 4527 2200 4603 hunc
2246 4537 2659 4628 corporalem
2689 4540 2754 4609 δι
2785 4538 3189 4610 materialem
3212 4529 3335 4604 effe

368 4629 532 4722 ‚Ens
585 4629 750 4714 i'lud
789 4624 1223 4718 independens
1254 4673 1276 4709 ,
1327 4631 1652 4711 aeternum
1675 4673 1701 4710 ,
1752 4621 2169 4701 necessarium
2221 4628 2749 4708 &immutabile
2781 4683 2811 4722 ,
2895 4631 3079 4724 quod
3126 4629 3340 4718 quaeri

373 4721 404 4733 ”
599 4733 695 4802 W
688 4724 976 4822 erenfelszi
1031 4720 1330 4817 opuscula
1385 4722 1585 4794 Tom.
1619 4720 1655 4792 1
1677 4721 1732 4793 1.
2357 4728 2423 4802 Κ
2471 4733 2521 4801 k
2595 4711 2606 4721 ⁵
3184 4744 3342 4798 mus
