4188 5670
836 424 1021 571 '533
1517 412 1535 424 ⁷
1810 429 2838 565 Ἑρερᾼουιύᾳ

1130 600 1455 686 caesaris
1495 598 1781 684 offenfi
1816 626 1970 685 nec
2008 627 2160 685 nos
2213 596 2678 697 accedimm
2739 603 2924 682 irae.

1368 725 1615 802 Hunc
1657 747 1816 833 ego
1859 710 2275 803 crudelem
2313 716 2511 825 saepe
2554 713 2985 827 ferumque
3024 741 3268 803 voco

1126 840 1212 921 Si
1251 860 1372 922 te
1439 835 1829 922 delicium
1867 836 2277 930 nostrum,
2364 832 2774 917 dimittere
2816 860 3139 946 cogor·
3112 895 3141 935 ,

1363 958 1672 1066 Accipe
1717 981 1896 1065 quae
1943 938 2144 1039 tanti
2183 953 2282 1041 fit
2311 953 2519 1035 mihi
2556 949 2811 1033 cauffa
2862 951 3110 1037 mali.

1133 1070 1549 1155 Pollicitus
1596 1099 1855 1183 nuper
1900 1095 1978 1155 te
2015 1062 2192 1155 sum
2236 1071 2445 1154 male
2490 1067 2717 1153 sa‘nus
2755 1072 3078 1167 amico,

1328 1188 1713 1273 Promissa
1750 1188 2075 1299 impleri
2117 1216 2339 1273 nunc
2374 1213 2700 1269 memor
2749 1187 2885 1270 ille
2924 1191 3154 1297 petit.

1134 1308 1210 1388 0
1275 1310 1587 1390 utinam
1626 1306 1945 1416 possent
1974 1329 2111 1388 aut
2141 1306 2394 1390 verba
2434 1304 2706 1387 emissa
2757 1308 3097 1401 reverti,
3139 1351 3146 1361 ·

1371 1432 1540 1507 Aut
1578 1424 1826 1534 elapsa
1865 1425 2073 1507 mihi
2124 1426 2310 1506 talia
2349 1422 2567 1509 nulla
2605 1423 2917 1519 forent!

1127 1553 1324 1631 Non
1362 1543 1627 1625 levior
1670 1543 1936 1626 verbis
1979 1541 2133 1623 tela
2176 1543 2342 1641 est,
2411 1568 2670 1667 quam
2695 1537 3014 1634 tendit,
3041 1541 3498 1641 *arachne

1342 1644 1803 1772 Tanquam
1826 1634 2412 1769 »compe-dibus
2439 1686 2595 1747 nos
2646 1654 2946 1740 tamen
2969 1656 3102 1740 illa
3149 1659 3425 1771 ligant.

1126 1786 1371 1864 Nunc
1421 1807 1618 1890 ergo
1662 1780 1772 1861 est
1822 1777 2181 1861 adstricta
2211 1776 2462 1872 fides;
2527 1775 3089 1884 promisimus,
3153 1779 3422 1858 actum
3458 1777 3625 1869 estl

1374 1902 1544 1981 Cur
1579 1899 1828 1991 mihi,
1897 1924 2039 1979 cur
2080 1898 2281 1978 tanti
2323 1893 2505 1977 vilis
2556 1893 2861 2006 agellus
2920 1893 3141 1981 erat?
3407 1914 3414 1919 ·

1018 2112 1033 2129 ⁸
1131 2016 1383 2099 Olim·
1416 2043 1573 2127 ego
1606 2041 1802 2125 ·quae
1842 2012 2085 2123 dixi-i
2128 2036 2495 2122 poteram
2544 2040 2714 2105 non
2765 2007 3040 2094 dicere
3090 2011 3386 2109 νει-1ης

1363 2134 1607 2217 Nunc
1648 2159 1804 2243 ego
1864 2129 2099 2240 quod
2137 2132 2378 2222 dico,
2444 2131 2716 2213 dicere
2771 2156 3076 2241 cogor,
3137 2129 3298 2213 abi.

1125 2258 1241 2335 At
1278 2275 1365 2335 tu
1406 2246 1612 2336 vade
1667 2249 1906 2330 bonis
1953 2248 2282 2333 avibuss,
2350 2247 2794 2331 dulcissime
2846 2254 3086 2330 Vates
3121 2294 3152 2342 3

1360 2374 1606 2451 Vates
1658 2390 1842 2450 ante
1886 2368 2088 2448 alios
2125 2364 2441 2475 semper
2488 2387 2750 2448 amate
2788 2367 3023 2450 mihi.

1126 2482 1517 2568 Cedimus
1557 2485 1793 2567 inviti
1832 2487 1962 2566 cui
2005 2507 2083 2565 te
2136 2511 2287 2567 nos
2344 2482 2770 2574 cedimus,
2756 2515 2772 2530 ·
2838 2482 3050 2591 ipse
3290 2566 3296 2571 .

1376 2609 1572 2713 Qo
1628 2601 1779 2686 tibi
1820 2601 1936 2685 nil
1975 2603 2291 2706 majus,
2341 2602 2437 2687 fit
2471 2602 2679 2685 mihi
2732 2599 2943 2682 testis
2983 2629 3237 2687 amor.

1124 2728 1306 2809 Sint
1341 2722 1735 2829 lacrymae
1756 2723 2283 2857 &‚g⁶.¹1²st¹¹⁵’
2346 2720 2499 2805 fint
2539 2718 2809 2801 oscula
2860 2717 3170 2802 fervida
3214 2725 3507 2811 testes·
3477 2786 3510 2826 ,

1368 2846 1571 2950 Qae
1627 2838 1823 2922 data
1853 2842 2017 2942 jam
2060 2837 2332 2936 decies
2373 2867 2547 2921 non
2590 2838 2733 2921 tibi
2782 2837 2992 2920 ceffo
3037 2838 3247 2924 dare.

1018 3008 1031 3017 ·
1122 2966 1321 3072 Qo
1378 2958 1697 3040 tristem
1732 2955 2068 3069 ablego,
2136 2984 2605 3079 quanquam
2657 2954 2753 3038 fit
2785 2956 3130 3040 Barbara
3183 2959 3476 3064 tellus;

1388 3072 1866 3185 Qamlibet
1904 3069 2230 3154 incultae
2268 3075 2663 3155 Barbarus
2706 3071 2856 3155 effe
2893 3080 3210 3204 nequis

1113 3199 1354 3307 AEgre
1395 3191 1793 3299 usquam
1772 3191 2133 3274 mvenies
2171 3190 2424 3305 lepidi
2470 3180 2716 3302 queis
2752 3199 2957 3275 vena
3000 3196 3264 3276 Ροὲῐκ

1353 3317 1550 3394 Non
1596 3308 1691 3390 fit
1736 3329 1975 3406 nota,
2026 3307 2307 3405 ἧτίτοε,
2372 3337 2544 3393 non
2584 3310 2677 3392 fit
2714 3332 3034 3405 amata,
3091 3310 3347 3396 lares?

1566 3551 1575 3560 ⁴
2078 3447 2569 3615 CLXXII.

920 3696 1039 3806 In
1062 3689 1363 3845 fidem
1390 3737 1468 3802 a
1442 3687 1981 3846 foederatis
2022 3700 2128 3801 H
2163 3701 2240 3801 E
2291 3700 2382 3803 L
2419 3700 2515 3800 V
2562 3703 2638 3802 E
2690 3677 2779 3803 T
2833 3702 2878 3803 I
2925 3702 2971 3803 1
3011 3702 3450 3845 Snupero
3507 3693 3721 3809 bello

1620 3935 1627 3943 ,
1746 3849 2019 3932 Patria
2054 3844 2300 3950 mssrae
2341 3846 2841 3948 monstratam

1104 4018 1339 4095 Fama
1388 4013 1569 4093 fuit
1591 4011 1997 4093 constans,
2063 4036 2350 4090 omnes
2394 4010 2679 4096 diffusa
2721 4040 2866 4121 per
2921 4041 3153 4105 oras,

1340 4132 1523 4240 Jam
1567 4130 1885 4236 penitus
1930 4117 2171 4208 terras
2213 4123 2637 4221 deseruisse
2701 4125 3004 4214 fidem.

1108 4241 1392 4327 Gaude
1457 4244 1725 4338 orbis,
1786 4244 2108 4357 gaude!
2179 4247 2533 4331 mendax
2573 4251 2751 4332 haec
2792 4243 3010 4334 fama
3060 4270 3372 4364 reperta
3423 4251 3554 4335 est.

1336 4363 1776 4447 Helveticis
1827 4364 2063 4447 latuit
2094 4364 2411 4473 perdita
2451 4369 2658 4454 Diva
2695 4370 2932 4480 jugis.

1098 4479 1410 4563 Prodiit
1447 4504 1538 4563 ut
1600 4483 1856 4589 nuper
1904 4481 2193 4589 sylvis3
2280 4510 2465 4565 cum
2525 4489 2934 4566 Teutone
2960 4486 3307 4578 Gallus,

1244 4657 1249 4662 -
1332 4599 1828 4700 CernimuS,
1898 4597 2398 4716 exclamant,
2465 4600 2604 4686 hic
2627 4599 3034 4764 superesse
3077 4599 3404 4710 Fidem.
3474 4601 3485 4612 ’

3221 4722 3768 4814 CLXXIII:
