4188 5670
955 393 1099 467 374
1922 357 2992 441 Dru'snnrarro

940 565 1049 622 tot
1086 541 1215 618 fint
1256 544 1629 640 linguarum
1656 543 1724 616 in
1740 543 1879 618 «hoc
1911 561 2234 618 terrarum
2258 540 2423 619 orbe
2445 540 2834 620 differentiae
2857 594 2883 631 ,
2930 543 3146 618 nullus
3175 549 3399 621 tamen
3432 539 3634 637 usque
3666 546 3887 623 adhuc

836 641 841 647 ⁶
939 663 1231 741 repertus
1264 643 1391 717 fuit
1417 643 1842 737 popr1luS‚qui
1867 694 1889 730 ,
1942 663 2019 717 ut
2042 644 2272 737 reliqui
2292 669 2457 718 voce
2475 696 2499 732 ,
2562 642 2652 717 fic
2691 642 2825 739 ipse
2874 641 3154 739 gestibus
3209 645 3514 740 loquatur
3567 645 3614 715 ἓ
3675 648 3891 740 cnjm

939 747 1206 842 quidem
1257 745 1352 816 rei
1405 767 1560 815 cum
1608 767 1745 814 non
1797 742 1939 815 haec
1987 739 2068 815 fit
2103 746 2272 816 ratio
2312 795 2336 831 ‚
2397 743 2575 837 quod
2633 743 2876 815 vocalis
2921 742 3139 838 lingua
3191 746 3395 836 magis
3440 737 3520 813 fit
3571 748 3886 818 naturalis

943 845 1231 939 magisve
1254 853 1352 914 r'es
1373 838 1839 935 tepraefizntans
1863 870 1884 922 ς
1912 843 2070 936 quin
2094 843 2313 936 potius
2349 841 2605 936 longius
2647 843 2712 914 &
2752 842 2791 911 ἐι
2828 845 3102 915 naturali
3125 843 3330 937 lingua
3358 844 3422 912 δι
3447 842 3484 910 ὲ
3505 843 3882 934 repraesenta.

939 952 1077 1016 tiva
1104 942 1359 1014 recedat
1385 991 1409 1027 ‚
1460 941 1654 1012 aliam
1688 940 1877 1030 hujus
1924 942 2013 1013 rei
2065 937 2343 1013 cauffium
2386 937 2626 1013 subeffe
2667 935 2907 1012 neceffe
2957 939 3068 1013 est.
3154 944 3380 1029 Quare
3402 989 3425 1025 ‚
3479 941 3642 1034 quid
3687 944 3757 1013 in
3781 944 3882 1014 illa

939 1061 1261 1114 mutorum
1306 1040 1517 1136 lingua
1570 1035 2068 1111 desiderandum
2117 1036 2203 1112 fit
2227 1091 2250 1124 ‚
2315 1040 2676 1111 videamus.

964 1202 972 1220 .
1142 1141 1362 1230 Atque
1389 1139 1490 1210 hic
1515 1156 1663 1210 tum
1690 1141 1726 1207 a
1765 1159 1950 1231 parte
1983 1138 2307 1230 loquentis
2328 1188 2350 1224 ,
2382 1157 2528 1210 tum
2584 1139 2623 1208 ἐι
2647 1157 2829 1229 parte
2851 1136 3167 1209 audientis
3218 1133 3453 1226 (liceat
3473 1136 3657 1207 enim
3695 1139 3874 1211 nobis

938 1240 1033 1310 ita
1061 1237 1240 1331 loqui
1258 1234 1292 1329 )
1311 1237 1520 1309 multa
1549 1253 1918 1308 occurrunt.
2028 1237 2094 1309 Si
2142 1238 2429 1331 corporis
2459 1234 2752 1308 motibus
2777 1233 2948 1307 sensa
2978 1236 3182 1306 animi
3203 1235 3338 1305 aliis
3362 1232 3703 1309 manifesta
3733 1237 3872 1311 faci-

940 1336 1105 1408 enda
1131 1332 1351 1423 client,
1379 1334 1637 1421 nullum
1661 1336 1839 1426 prius
1863 1332 2170 1406 manibus
2192 1386 2214 1422 ,
2263 1334 2515 1407 nullum
2551 1335 3106 1407 accommodatius
3127 1333 3341 1426 digitis
3363 1331 3866 1409 instrumentum

937 1438 1347 1528 reperiretur.
1435 1433 1565 1505 Hic
1587 1434 1749 1504 vero
1775 1458 1980 1525 quam
2002 1429 2271 1507 difficile
2288 1430 2438 1506 effet
2463 1434 2530 1505 in
2549 1435 2681 1528 ⁴hoc
2712 1456 3033 1504 manuum
3060 1452 3254 1503 motu
3274 1429 3570 1503 medium
3596 1451 3814 1507 tenere
3837 1486 3862 1522 ‚

938 1557 1022 1612 ne
1045 1583 1067 1619 ,
1095 1552 1173 1607 ut
1198 1531 1402 1625 magis
1425 1527 1757 1624 conspicui
1783 1529 1981 1604 effent
2007 1550 2229 1604 motus
2262 1532 2754 1624 eorundemque
2783 1532 3125 1604 varietates
3149 1571 3192 1617 ‚—
3227 1553 3461 1601 manus
3484 1530 3814 1623 loquentis
3838 1585 3860 1618 ,

938 1626 1036 1701 sin
1077 1632 1335 1717 minue,
1372 1628 1545 1702 oculi
1572 1630 1891 1702 audientis
1916 1627 1950 1720 (
1971 1630 2067 1701 his
2092 1632 2267 1702 enim
2292 1647 2438 1702 tum
2469 1624 2786 1715 audiret)
2814 1627 3319 1723 defatigarentur
3340 1677 3362 1713 ,
3396 1649 3515 1701 aut
3564 1630 3634 1701 hi
3687 1634 3856 1725 plane

936 1728 1183 1801 nullam
1207 1747 1518 1802 motuum
1548 1725 1989 1803 diversitatem
2014 1727 2459 1822 perspicerent.
2529 1729 2681 1822 Jam
2707 1730 2940 1821 cogita.
2970 1727 3302 1818 augendos
3325 1724 3447 1797 effe
3473 1728 3601 1799 hos
3625 1752 3854 1817 monn,

937 1852 1073 1920 quo
1095 1828 1146 1898 is
1171 1878 1193 1912 ,
1226 1828 1492 1922 quicum
1522 1828 1852 1922 loquimur
1885 1879 1906 1914 ,
1934 1826 2027 1901 est
2046 1830 2083 1899 ὲ
2102 1825 2290 1900 nobis
2312 1829 2629 1900 remotior
2653 1878 2675 1914 ‚
2708 1830 2806 1898 uti
2841 1850 3020 1898 nunc
3049 1826 3316 1920 quidem
3353 1849 3595 1897 vocem
3620 1831 3849 1900 attolle·

934 1951 1007 1997 re
1038 1927 1333 2018 cogimur
1360 1953 1396 2006 3.
1441 1951 1643 2017 quam
1681 1925 1948 2021 operosa
1967 1928 2236 1999 tandem
2271 1930 2414 2000 haec
2436 1925 2608 1998 foret
2653 1924 3087 2019 gesticulatio,
3121 1949 3277 2016 quae
3313 1923 3382 1993 in
3419 1927 3699 2017 gratiam
3743 1929 3845 1997 ho-

934 2026 1193 2100 minum
1220 2022 1410 2096 valde
1436 2026 1473 2094 a
1503 2021 1694 2096 nobis
1721 2046 2133 2097 remotorum
2174 2023 2364 2098 fieret
2385 2076 2408 2112 ‚
2468 2025 2826 2116 taliumque
2861 2026 2994 2117 qui
3022 2023 3162 2113 jam
3214 2023 3418 2093 nullas
3453 2021 3790 2117 digitorum
3811 2073 3835 2109 ‚

939 2122 1088 2204 imo
1113 2122 1228 2193 vix
1260 2146 1584 2196 manuum
1613 2122 1977 2195 nostrarum
2002 2125 2481 2196 commotiones
2499 2123 2789 2197 distincte
2811 2122 3034 2193 videre
3062 2118 3309 2214 poffent
3333 2119 3368 2191 ἲ
3394 2125 3688 2211 Qantae
3711 2175 3730 2207 ,
3758 2145 3844 2194 ta-

935 2217 1123 2293 metfi
1145 2222 1414 2315 propius
1455 2215 1622 2294 absis
1648 2273 1672 2309 ,
1716 2239 2028 2316 praeterea
2061 2216 2213 2295 effet
2255 2221 2565 2295 molestiae
2592 2272 2614 2308 ,
2657 2225 2724 2292 in
2760 2222 2998 2314 digitos
3027 2221 3289 2292 alterius
3314 2222 3544 2292 oculos
3569 2221 3755 2313 nique
3781 2224 3839 2292 &

937 2319 1143 2412 usque
1168 2323 1454 2392 intentos
1485 2317 1750 2408 habere,
1770 2317 2200 2412 minimasque
2228 2344 2463 2393 eorum
2491 2319 2926 2391 motiunculas
2945 2370 2968 2405 ‚
2993 2342 3349 2411 earumque
3380 2316 3834 2390 leviflirnasdif-

880 2463 887 2468 -
936 2414 1234 2489 ferentias
1256 2468 1282 2504 ‚
1334 2415 1686 2491 observare
1719 2455 1747 2505 ‚¹
1786 2418 1984 2512 idque
2009 2420 2329 2490 continuo
2354 2469 2378 2506 ‚
2409 2443 2489 2489 ne
2515 2418 2674 2510 quid
2705 2414 2795 2490 ab
2822 2417 3028 2490 altero
3054 2416 3383 2489 didkorum
3413 2418 3622 2488 oculos
3665 2440 3828 2508 prae-

935 2516 1235 2588 tervolet=
1251 2567 1273 2602 ‚
1309 2542 1422 2610 per
1453 2517 1691 2589 multas
1717 2520 1931 2604 horae,
1960 2534 2155 2611 atque
2178 2518 2507 2610 integrum
2533 2540 3013 2610 nonnunquam
3040 2517 3235 2588 diem.
3347 2517 3500 2589 Sane
3520 2516 3698 2590 citius
3725 2516 3821 2584 hic

828 2619 829 2622 ’
936 2615 1113 2686 oculi
1151 2615 1435 2688 videndo
1466 2661 1489 2695 ‚
1541 2640 1741 2722 qupm
1779 2617 2104 2689 audiendo
2164 2640 2350 2688 aures
2405 2612 2773 2690 deficerent.

1132 2713 1258 2786 Sed
1280 2712 1382 2788 fac
1403 2765 1429 2803 ‚
1463 2715 1717 2788 nullam
1740 2715 1848 2788 hic
1870 2713 1988 2788 effe
2023 2710 2531 2800 difficultatem)
2557 2733 2729 2786 certe
2752 2714 2835 2786 ad
2873 2715 3288 2808 quotidianos
3315 2711 3568 2786 labores
3608 2706 3837 2803 potiffi-

934 2835 1124 2887 mum
1154 2815 1403 2887 utimur
1430 2812 1734 2889 manibus
1762 2834 1954 2910 atque
1985 2814 2187 2887 oculis
2215 2844 2233 2887 ε
2279 2839 2433 2909 ergo
2460 2834 2734 2908 uterque
2761 2814 3116 2908 &loquens
3143 2815 3490 2888 &audiens
3517 2810 3833 2905 tantisper,

935 2912 1096 2982 dum
1121 2909 1444 2986 sermones
1477 2914 1848 3002 caederent,
1889 2911 2121 2987 ceffare
2168 2915 2208 2985 it
2244 2912 2469 2986 labore
2521 2934 2905 3007 cogerentur
2932 2964 2954 3000 ,
3015 2913 3226 2985 donec
3275 2913 3682 3004 colloquium
3707 2908 3838 2981 fini·

934 3005 1116 3078 iffent
1168 3034 1186 3077 ε
1266 3014 1447 3102 quod
1503 3033 1749 3104 quanta
1791 3016 1861 3084 in
1896 3015 2032 3084 vita
2083 3030 2334 3106 pareret
2389 3012 2812 3084 incommoda
2834 3015 2876 3083 ?
2916 3014 3199 3100 Qoties
3223 3031 3492 3103 uterque
3539 3012 3719 3082 aliud
3757 3010 3841 3079 lo-

936 3105 1178 3200 quendi
1204 3105 1717 3180 instrumentum
1751 3128 2009 3202 optaret
2031 3159 2054 3195 ‚
2084 3112 2265 3204 quod
2294 3130 2599 3183 neutrum
2630 3112 2698 3181 in
2725 3108 2952 3183 labore
2971 3111 3314 3204 impediret
3338 3113 3381 3185 ἓ

1133 3203 1335 3299 Finge
1354 3224 1577 3278 tamen
1597 3246 1622 3294 ,
1653 3208 1718 3279 δι
1739 3208 1892 3279 huic
1913 3211 2164 3281 occurri
2189 3205 2360 3303 pofl'e
2392 3259 2417 3296 ‚
2448 3228 2516 3280 at
2539 3209 2691 3280 huic
2744 3230 2916 3281 certe
2947 3211 3169 3281 omnia
3197 3216 3545 3281 mutorum
3595 3207 3835 3300 ingenia

935 3303 1193 3383 nullum
1217 3304 1580 3381 remedium
1608 3308 1991 3380 invenirent.
2068 3305 2389 3381 Videmus
2408 3327 2792 3403 perpetuam
2821 3309 2889 3379 in
2912 3309 3041 3379 hoc
3062 3329 3383 3379 terrarum
3428 3304 3589 3379 orbe
3609 3304 3754 3375 lucis
3775 3304 3837 3374 &

936 3400 1358 3476 tenebratum
1397 3400 1897 3478 viciffitudinem
1926 3457 1949 3494 ‚
2000 3402 2120 3478 ubi
2147 3428 2317 3479 certe
2344 3408 2488 3478 haec
2516 3399 2988 3499 gesticulator'ia
3017 3407 3235 3500 lingua
3265 3407 3615 3478 dimidium
3647 3403 3838 3474 modo

938 3503 1252 3594 temporis
1275 3502 1539 3577 valeret.
1599 3502 1866 3579 Habeat
1902 3506 2077 3577 enim
2104 3505 2329 3598 aliquis
2353 3502 2782 3598 argutiffimas
2804 3528 3036 3576 manus
3052 3555 3075 3591 ‚
3116 3501 3197 3577 fit
3226 3506 3394 3576 inter
3421 3527 3650 3577 mutos
3678 3498 3837 3594 quod

930 3597 1406 3673 Demosthenes
1436 3604 1501 3674 &
1531 3603 1762 3676 Cicero
1790 3605 1959 3679 inter
1992 3604 2332 3695 loquentes
2363 3600 2632 3676 fuerunt
2664 3652 2716 3693 ,t
2743 3602 2894 3675 sane
2907 3605 3081 3675 hunc
3104 3604 3174 3675 in
3202 3603 3493 3675 tenebris
3521 3605 3833 3675 omnisars

937 3692 1240 3769 deficeret
1267 3733 1296 3784 ‚·
1324 3720 1603 3794 tumque
1626 3704 1832 3796 magis
1856 3721 2081 3775 mutus
2103 3698 2253 3783 effer
2277 3727 2351 3774 ac
2382 3699 2563 3794 piscis
2581 3753 2606 3790 ,
2663 3722 2860 3795 atque
2908 3703 3071 3774 adeo
3114 3726 3262 3773 tum
3308 3701 3672 3773 solveretur
3714 3720 3839 3771 om-

938 3816 1023 3863 ne
1053 3794 1366 3873 humanae
1392 3798 1709 3872 societatis
1724 3801 2092 3884 ,vinculum
2168 3800 2410 3895 Finge,
2447 3819 2701 3894 patrem
2758 3799 3023 3875 surdum
3068 3824 3221 3871 cum
3266 3800 3554 3893 parvulo
3583 3797 3720 3871 filio
3761 3796 3847 3865 lo-

939 3912 1180 3982 quente
1226 3894 1293 3964 in
1344 3899 1575 3969 eodem
1609 3898 1810 3970 no'dku
1862 3897 2164 3970 cubiculo
2194 3900 2597 3970 cubantem:
2624 3896 2835 3970 filium
2878 3897 3261 3970 clandestina
3289 3899 3678 3971 audientem
3717 3918 3845 3988 per·

942 3987 1263 4061 cufforum
1294 3994 1375 4065 de
1400 4013 1584 4087 patre
1620 3995 1974 4070 occidendo
1998 3989 2259 4065 confilia
2285 4044 2308 4080 ‚
2344 4013 2593 4087 patrem
2617 3998 2698 4070 de
2738 3999 3021 4089 periculo
3049 3997 3214 4067 velle
3237 3995 3794 4069 commonefacere
3816 4040 3840 4076 ,

941 4088 1127 4180 eique
1160 4087 1420 4162 suadere
1441 4143 1463 4177 ‚
1516 4114 1591 4162 ut
1616 4114 1730 4165 aut
1755 4089 1907 4185 fuga
1943 4089 2063 4167 fibi
2112 4090 2402 4165 consulat
2423 4145 2445 4179 ‚
2483 4113 2597 4167 aut
2620 4094 3062 4168 defensionem
3095 4116 3295 4187 paret.
3404 4097 3502 4167 At
3552 4096 3656 4166 hic
3698 4087 3846 4163 frus-

938 4203 1042 4257 tra
1081 4211 1309 4257 manus
1352 4193 1420 4260 in
1448 4188 1731 4261 tenebris
1746 4190 1947 4280 jastat
1963 4243 1986 4278 ‚
2021 4188 2253 4263 frustra
2279 4192 2491 4286 digitis
2517 4195 2751 4274 micat;
2783 4219 2954 4267 vana
2977 4196 3190 4265 omnis
3216 4192 3308 4265 est
3335 4194 3564 4286 pietas.
3647 4190 3842 4264 Citius

939 4301 1188 4375 patrem
1221 4288 1680 4379 aggrediuntur
1714 4284 1915 4362 ficarii
1936 4342 1960 4378 ,
1995 4294 2193 4383 quam
2224 4292 2275 4362 is
2303 4293 2340 4361 ἐι
2369 4288 2509 4363 filio
2536 4294 2882 4386 quicquam
2927 4293 3149 4365 audire
3175 4312 3391 4385 queat.

1130 4381 1399 4458 ,Poffunt
1415 4390 1807 4461 tamenhaec
1824 4389 2079 4488 al'aque
2107 4391 2447 4462 innumera
2482 4393 2812 4473 accides-e,-
2863 4416 2939 4462 ac
2977 4416 3118 4463 non
3147 4394 3349 4462 noctu
3373 4412 3644 4463 tantum
3671 4439 3693 4473 ‚
3743 4384 3845 4458 sed

846 4548 855 4565 ἰ
922 4481 1137 4557 ..etiam
1160 4483 1461 4557 interdiu.
1534 4487 1702 4571 Sunt
1726 4487 1899 4563 enim
1931 4489 1997 4559 in
2024 4489 2143 4558 hac
2163 4489 2393 4561 tellure
2415 4492 2638 4583 omnia
2662 4510 3014 4577 corporum
3038 4513 3396 4582 opacorum
3419 4539 3443 4576 ‚
3473 4514 3636 4582 quae
3669 4487 3847 4558 lumi-

940 4582 1036 4650 nis
1072 4581 1283 4661 radios
1316 4585 1731 4679 intercipiunt
1755 4637 1780 4675 ‚
1810 4585 2048 4681 p'ena:
2096 4585 2232 4675 ejus
2256 4606 2476 4657 autem
2503 4606 2758 4659 naturae
2777 4586 2946 4658 visus
2972 4587 3082 4671 est,
3113 4610 3190 4662 ut
3229 4583 3348 4658 nili
3373 4590 3410 4657 ὲ
3444 4583 3836 4679 corporibus

936 4679 1199 4777 luminis
1221 4682 1383 4759 radii
1396 4688 1572 4760 recta
1595 4689 1706 4761 via
1729 4687 1812 4760 ad
1830 4686 2054 4762 oculus
2078 4682 2331 4762 nostros
2348 4687 2730 4779 perveniant
2760 4735 2778 4768 ,
2805 4688 2963 4759 nihil
2991 4688 3348 4761 videamus.
3410 4682 3848 4798 Gestiqnietur

1805 4832 1810 4836 ,
3616 4800 3835 4873 κειται,
