4188 5670
906 338 1147 413 220·
1586 367 1590 373 -
1824 312 2934 395 Pn'ntac‘rronas‘
3022 338 3165 393 nn

915 527 1175 583 moreat
1196 553 1221 593 ,
1276 525 1533 580 aeneasu
1582 520 1821 571 omnes
1887 493 2332 593 inscriptiones
2380 546 2406 584 ,
2462 490 2827 590 lapidibus,
2889 496 3009 597 aeri
3046 543 3071 583 ,
3125 500 3340 573 omnis
3403 503 3656 596 generis
3699 528 3844 578 me.

911 603 1080 680 tallis
1140 603 1400 689 incisas,
1458 621 1686 671 omnes
1737 594 2020 690 denique
2091 618 2458 682 nummos,
2520 597 2966 681 numismata,
3008 618 3186 669 ‚aerea
3219 645 3247 683 ,
3331 619 3674 694 argentea,
3722 628 3842 673 au-

898 726 1022 781 ‘rea
1039 751 1063 787 ,
1090 703 1347 795 penitus
1410 699 1787 791 extinguere
1820 692 2058 795 poffet,
2100 714 2178 770 ut
2226 694 2467 769 horum
2489 690 2800 769 omnium
2873 716 2958 765 ne
3003 693 3359 769 minimum
3405 698 3672 792 quidem
3695 724 3845 774 ma.

898 821 1098 879 neret
1130 797 1472 894 vestigium
1485 792 1536 872 3

1111 957 1293 1045 Qae
1333 955 1459 1027 alia
1505 950 1756 1036 clades,
1799 946 1980 1043 quod
2020 943 2411 1020 'incendium
2458 995 2484 1035 ,
2537 947 2654 1043 qui
2695 967 2899 1022 terrae
2946 967 3170 1023 motus
3200 997 3233 1036 ,
3271 968 3442 1042 <111ae
3498 944 3684 1041 pestis
3745 948 3838 1017 ita

896 1068 1136 1127 »totum
1187 1078 1391 1149 genus
1436 1052 1801 1123 humanum
1853 1044 2061 1140 poffet
2092 1043 2432 1118 absumere
2452 1093 2478 1133 ,
2521 1064 2600 1119 ut
2642 1047 2801 1119 nihil
2844 1048 3120 1140 amplius
3147 1048 3218 1119 in
3253 1048 3389 1119 hoc
3423 1064 3600 1119 terra
3643 1044 3837 1117 relin-

910 1172 1225 1245 queretur
1246 1202 1273 1240 ,
1312 1174 1512 1246 quam
1564 1146 1758 1243 'pauci
1801 1146 2072 1238 quidam
2118 1144 2415 1217 homines
2432 1193 2458 1231 ,
2494 1147 2610 1239 qui
2651 1169 2737 1217 ne
2775 1145 3040 1239 quidem
3089 1145 3478 1217 memoriam
3517 1162 3626 1216 tot
3661 1166 3834 1236 prae-

911 1251 1241 1324 clararum
1279 1251 1519 1323 artium
1553 1297 1576 1332 ,
1623 1244 1847 1317 firltem
1887 1243 2373 1341 praecipuarum
2386 1245 2802 1338 maximeque
2841 1239 3369 1331 necessariarum,
3391 1241 3774 1314 conservare
3799 1288 3826 1326 ‚

894 1347 1311 1446 posterisque
1357 1349 1608 1421 tradere
1643 1339 2055 1438 potuiffiznt?

978 1560 981 1565 .
1104 1487 1565 1583 Respondeant
1601 1486 1706 1559 hic
1740 1487 1934 1561 athei.
1996 1583 2001 1587 ,
2046 1486 2302 1559 Dicant
2343 1485 2549 1561 mobis
2589 1487 2914 1579 ejusmodi
2944 1487 3186 1584 aliquid
3238 1488 3420 1580 quod
3465 1482 3663 1558 hodie
3717 1478 3827 1555 fie-

894 1590 964 1660 si
994 1586 1231 1681 pulset.
1329 1586 1382 1658 F
1382 1587 1609 1679 ingant
1635 1635 1659 1672 ,
1711 1583 2120 1680 supponant,
2170 1602 2434 1659 vertant
2469 1585 2533 1659 se
2580 1587 2650 1658 in
2696 1612 2925 1661 omnes
2970 1610 3210 1681 partes.
3244 1601 3277 1627 ’·
3293 1587 3481 1661 Nihil
3527 1605 3823 1676 unquam

903 1684 1242 1759 invenient
1273 1686 1400 1756 hoc
1448 1681 1671 1758 nostro
1713 1681 1926 1757 seculo
1970 1680 2114 1755 fieri
2163 1680 2339 1776 poste
2363 1729 2392 1772 ,
2455 1683 2639 1779 quod
2678 1703 2904 1758 tamen
2946 1685 3108 1757 olim
3152 1683 3500 1779 aliquando
3571 1678 3823 1752 fastum

902 1781 1029 1856 effe
1076 1780 1418 1857 neceffario
1476 1779 1626 1880 ipsis
1688 1781 1780 1855 est
1835 1780 2250 1855 statuendum
2277 1831 2304 1870 ,
2352 1778 2406 1855 fi
2468 1785 2709 1863 artium
2767 1786 2833 1860 &
2869 1782 3289 1862 scientiarum
3339 1779 3654 1859 novitatis
3717 1778 3821 1853 ali-

901 1906 1104 1986 quam
1143 1882 1410 1956 reddere
1458 1882 1697 1956 volunt
1748 1882 2091 1958 rationem.
2595 1934 2608 1945 =

1101 2035 1249 2108 Nec
1294 2033 1385 2107 est
1447 2033 1627 2129 quod
1682 2033 1938 2123 dicant,
1958 2061 2067 2110 ·eo
2109 2057 2422 2131 ‘tempore
2468 2042 2498 2126 ,'
2532 2064 2685 2132 -quo
2715 2059 3052 2113 terrarum
3126 2033 3303 2109 orbis
3351 2031 3441 2109 ab
3490 2030 3804 2126 ejusmodi

888 2132 1077 2204 malo
1112 2129 1455 2207 u'niv'erfirli
1498 2132 1697 2205 fuerit
1749 2133 2033 2206 vastatus
2054 2184 2080 2221 ,
2136 2135 2434 2209 nondum
2481 2153 2588 2210 tot
2632 2163 2856 2212 rerum
2903 2152 3339 2209 monumenta
3376 2129 3674 2206 extitisse.
3746 2128 3806 2203 si

893 2230 1078 2308 enim
1126 2232 1411 2304 mundus
1458 2229 1591 2303 fuit
1632 2227 1717 2301 ab
1768 2249 2060 2320 aeterno,
2117 2258 2198 2305 eo
2245 2254 2585 2328 tempore,
2648 2262 2783 2330 quo
2843 2260 2959 2328 per
2997 2232 3321 2326 ejusmodi
3367 2233 3630 2304 cladem
3666 2230 3802 2301 uni-

898 2328 1212 2402 versalem
1254 2353 1458 2424 genus
1499 2330 1862 2401 humanum
1892 2380 1916 2417 ,
1974 2354 2264 2425 cumque
2288 2331 2683 2403 -hominibus
2707 2332 3009 2406 omnium
3059 2330 3473 2404 historiarum
3501 2380 3525 2417 ‚
3569 2331 3796 2400 artium

898 2431 965 2503 &
1002 2424 1410 2500 scientiarum
1451 2444 1882 2506 monumenta
1925 2428 2238 2507 dicuntur
2273 2426 2393 2513 effi:
2436 2429 2645 2502 deleta
2672 2480 2696 2517 ,
2749 2449 2917 2503 artes
2954 2452 3182 2501 omnes
3227 2430 3370 2521 jam
3399 2426 3680 2507 fuerunt
3711 2427 3799 2496 in-

895 2521 1155 2606 vent'ae,
1196 2527 1476 2600 excultae
1524 2574 1544 2606 ‚
1602 2524 1918 2623 perfeetae
1950 2577 1973 2612 ,
2016 2552 2154 2598 non
2195 2526 2408 2599 minus
2455 2552 2532 2599 ac
2621 2528 2818 2613 hodie
2858 2528 3140 2609 excultae
3185 2527 3252 2604 &
3303 2525 3618 2623 perfedtae
3683 2519 3794 2596 effe

890 2623 1156 2721 pofl'unt
1196 2678 1220 2715 ,
1273 2627 1374 2701 uti
1417 2651 1501 2703 ex
1568 2621 1759 2718 supra
1815 2625 1999 2709 distis
2046 2623 2195 2698 satis
2222 2624 2587 2727 ,colligitura

1089 2780 1347 2855 Deinde
1386 2776 1435 2852 fi
1452 2779 1617 2854 -talis
1666 2779 1806 2854 dari
1834 2776 2059 2873 ipoffet
2100 2774 2310 2854 causs'a
2330 2828 2355 2869 ,
2406 2804 2562 2875 quae
2603 2781 2919 2858 -omnium
2945 2776 3369 2852 historiarum
3414 2827 3442 2866 ,
3500 2780 3791 2858 omnium

881 2877 1134 2947 artium
1177 2881 1567 2950 memoriam
1609 2903 1692 2951 ex
1719 2874 1903 2950 orbe
1940 2879 2251 2951 deleverit
2273 2919 2297 2964 ,
2317 2888 2324 2898 ‘
2348 2874 2484 2950 five
2527 2879 2854 2952 diluvium
2908 2875 3262 2955 universale
3300 2898 3416 2950 aut
3460 2875 3792 2950 universali

888 2975 1320 3067 proximum,-
1362 2971 1500 3045 five
1545 2976 1676 3045 tale
1726 2975 2112 3060 ,incendium
2163 3002 2188 3054 3
2238 2974 2398 3044 illud
2451 2995 2570 3046 aut
2631 2975 3035 3049 naturalibus
3080 2999 3165 3046 ex
3211 2971 3439 3048 cauffis
3492 2975 3566 3046 in
3632 2995 3794 3049 terra

888 3070 1205 3171 contigit,
1249 3087 1368 3143 aut
1406 3066 1870 3162 miraculosum
1914 3068 2025 3146 est.
2116 3068 2436 3151 Posterius
2493 3069 2706 3145 dicere
2765 3098 2907 3156 non
2959 3069 3218 3171 poffunt
3287 3073 3512 3160 athei,
3569 3095 3793 3147 contra

888 3195 1060 3264 quos
1100 3167 1503 3264 disputamus
1527 3218 1555 3256 ,
1643 3167 1714 3239 ui
1761 3165 2014 3239 nullam
2034 3163 2335 3244 ,cnuffam
2394 3187 2631 3250 natura
2684 3167 3079 3265 superiorem
3129 3191 3516 3267 agnoscunt.
3617 3174 3721 3245 ‘At
3743 3167 3792 3242 fi

884 3273 1063 3364 prius
1111 3267 1392 3355 dicunt,
1428 3193 1671 3352 neeesse
1704 3264 1853 3354 fest,
1894 3281 1975 3338 ut
2005 3264 2189 3360 quod
2236 3266 2620 3362 naturaliter
2643 3271 3015 3365 contingere
3049 3269 3289 3364 potest.
3343 3272 3509 3344 intra
3555 3267 3792 3363 longis·

878 3365 1126 3441 ‘fimum
1159 3364 1474 3464 temporis
1523 3365 1807 3440 trabium
1856 3359 2089 3461 saepius
2137 3366 2481 3461 contigerit
2499 3395 2526 3451 ‚-
2558 3391 2635 3439 ac
2660 3367 2931 3465 proinde
2956 3417 2980 3454 ,
3037 3367 3188 3441 licet
3232 3368 3584 3443 rhammus
3623 3366 3789 3439 illud

883 3465 1111 3539 saltem
1134 3467 1306 3541 intra
1347 3465 1558 3540 decies
1576 3498 1623 3553 ,·
1645 3467 1889 3539 centies
1928 3515 1954 3553 ,
2017 3463 2247 3536 millies
2297 3488 2624 3539 annorum
2685 3466 3015 3559 myriades
3054 3515 3080 3552 ,
3129 3488 3247 3540 aut
3286 3464 3337 3539 fi
3395 3464 3786 3559 ampliorem

881 3583 1233 3642 numerum
1274 3561 1524 3659 fingere
1567 3564 1879 3636 volumus
1891 3613 1917 3650 ,
1962 3560 2158 3633 semel
2196 3559 2572 3657 contigiffej
2626 3561 2866 3649 neceffe
2906 3562 2997 3636 est
3014 3613 3036 3649 ,
3086 3584 3164 3636 ut
3202 3566 3358 3637 inde
3401 3562 3489 3637 ab
3528 3587 3782 3638 aeterno

872 3658 1186 3734 infinities
1246 3663 1612 3756 contigerit.
1712 3661 1867 3754 Jam
1905 3657 1978 3745 fi,
2022 3682 2178 3731 cum
2217 3657 2409 3731 semel
2445 3661 2583 3732 hoc
2625 3662 2924 3756 contigit,
2972 3686 3148 3760 aegre
3163 3664 3440 3755 ,quidem
3475 3664 3787 3737 ‘homines

876 3777 1241 3856 potuerunt
1290 3759 1692 3842 conservari,
1746 3756 1863 3850 qui
1917 3779 2122 3849 genus
2172 3757 2534 3829 humanum
2585 3778 3018 3853 propagarent
3065 3761 3331 3836 ulterius
3348 3811 3376 3849 ,
3446 3763 3599 3856 quis
3661 3788 3789 3835 cre-

874 3861 994 3931 dat
1040 3854 1185 3928 fieri
1239 3853 1514 3948 potuiffe
1567 3903 1594 3941 ,
1666 3877 1870 3948 genus
1911 3853 2287 3924 humanum
2329 3851 2603 3948 potuim:
2667 3855 3027 3930 conservari
3077 3908 3103 3945 ,
3155 3861 3222 3930 in
3281 3864 3504 3934 decem
3558 3912 3588 3949 ,
3643 3886 3785 3933 cen-

868 3977 1031 4030 -tum
1059 4003 1083 4040 ,
1134 3952 1349 4037 mille,
1394 3953 1531 4024 imo
1567 3951 1638 4022 in
1682 3947 1949 4022 infinitis
1990 3947 2314 4039 ejusmodi
2375 3950 2634 4023 diluviis
2670 3957 2745 4026 -&
2796 3954 3171 4028 incendiis?
3232 3960 3389 4033 Hoc
3418 3977 3598 4034 certe
3659 3961 3786 4032 tale

870 4048 1262 4128 miraculum
1294 4043 1451 4121 effet
1471 4098 1497 4136 ,
1541 4070 1678 4142 quo
1717 4046 1971 4119 nullum
2021 4043 2242 4136 majus
2289 4051 2643 4146 excogitari
2699 4052 2935 4147 potest·

918 4221 993 4284 α’
1069 4201 1236 4294 Quis
1274 4202 1453 4278 enim
1481 4223 1624 4274 non
1666 4197 1949 4293 stuperet
1971 4250 1995 4288 ,
2046 4204 2163 4296 qui
2219 4200 2476 4286 audiret
2524 4229 2735 4280 unum
2789 4208 3126 4283 hominem
3176 4213 3416 4286 centies
3458 4211 3787 4286 lethaliter

873 4295 1238 4380 decubniffe
1264 4349 1288 4385 ,
1341 4319 1540 4395 atque
1570 4299 1608 4370 ὲ
1652 4298 1914 4378 medicis
1943 4297 2125 4375 fuiffe
2158 4301 2456 4380 relictum
2480 4353 2510 4389 ,
2535 4321 2851 4399 tanquam
2901 4307 3253 4403 desperatae
3302 4308 3520 4382 salutis
3528 4339 3554 4392 3
3591 4314 3662 4384 ὃς
3684 4333 3783 4385 ta-

872 4425 1029 4483 men
1094 4399 1459 4482 etiamnum
1502 4393 1622 4470 effe
1653 4396 2053 4494 superstitem
2078 4397 2116 4470 ,9
2187 4400 2312 4474 Sed
2371 4399 2529 4496 quid
2590 4399 2641 4473 fi
2691 4404 2820 4475 hoc
2846 4406 3079 4481 millies
3102 4459 3125 4497 ,
3171 4408 3330 4503 quid
3359 4403 3413 4483 fi
3456 4406 3784 4483 infinitis

874 4495 1250 4594 contigiffet.
1352 4496 1479 4571 Sed
1510 4498 1647 4586 ⁴tale
1683 4499 1925 4594 aliquid
1974 4496 2391 4572 statuendum
2438 4497 2531 4572 est
2576 4549 2599 4584 ‚
2657 4496 2704 4579 fi
2745 4507 3137 4580 memoriam
3195 4529 3418 4580 rernm
3465 4509 3782 4580 omnium

856 4595 1213 4704 Qniyprsali
1259 4595 1508 4674 diluvio
1539 4598 1608 4674 ἃ
1644 4598 1947 4681 incendio
1982 4597 2269 4674 delemur
2307 4594 2430 4690 effe
2461 4598 2790 4688 §redimus
2806 4628 2829 4683 5
2864 4603 2982 4688 ita·
3011 4624 3234 4684 tamen
3253 4654 3280 4694 ,
3317 4612 3398 4678 ‘ut
3437 4607 3640 4701 pauci
3666 4607 3789 4678 ho-

3579 4727 3798 4782 mmet
