4188 5670
946 375 1043 441 22
1404 322 3422 459 Drs‘sur.nzLo‘eojrAcnrxxs

933 549 1005 619 in
1046 535 1397 612 Ecclefiam
1446 535 1876 609 Christianam
1924 552 2234 606 revocare
2287 532 2526 606 vellet:
2591 530 2832 618 altera,
2887 546 3153 605 tannim
3205 554 3346 605 non
3406 554 3677 611 emnem
3723 540 3854 613 culss

917 665 1076 717 tam
1120 636 1246 710 DE
1268 661 1293 710 1
1344 631 1677 727 publicum
1735 631 2044 706 aboleret.
2155 634 2320 720 Quo
2367 628 2450 704 fit
2472 682 2497 718 ,
2546 647 2626 702 ut
2651 682 2677 719 ‚
2729 630 2913 703 velut
2966 633 3117 704 atris
3173 627 3463 707 nubibus
3499 638 3716 710 menti
3748 638 3854 713 ofi-

936 735 1136 823 fuse,
1212 739 1328 807 vix
1371 734 1645 826 amplius
1689 734 1863 806 cerni
1907 726 2108 827 possit
2127 781 2152 818 ‚
2206 732 2288 802 de
2350 732 2449 803 his
2514 728 2825 804 omnibus
2892 728 3062 801 inter
3118 748 3339 804 tantos
3382 733 3584 807 Viros
3658 737 3850 830 plane

938 834 1293 910 convenire
1342 858 1361 901 ε
1414 831 1576 903 Νοι1
1620 835 1842 905 omnia
1866 882 1890 918 ‚
1921 855 2076 925 quae
2117 832 2188 900 in
2229 848 2564 924 praecepto
2612 846 2850 922 quarto
2898 829 3296 902 mandantur
3333 853 3449 905 aut
3494 830 3848 927 prohiben-

941 955 1052 1006 tur
1078 984 1101 1021 ‚
1134 933 1291 1025 juris
1334 925 1467 1003 effe.
1488 933 1832 1024 perpetui3
1866 955 2002 1001 non
2047 926 2355 1022 septimi,
2414 929 2452 1000 ὲ
2527 926 2878 1001 creatione
2933 927 3208 1013 mundi,
3278 928 3405 1003 diei
3449 936 3849 1006 numeratio.

939 1057 1146 1112 nem3
1193 1055 1333 1102 non
1383 1029 1591 1101 multa
1634 1031 1704 1101 in
1754 1030 1959 1124 rigida
1991 1026 2102 1098 illa
2130 1078 2155 1114 ‚
2213 1051 2497 1123 quaeque
2537 1026 2670 1120 ipsa
2711 1024 2906 1096 bru‘a
2952 1026 3308 1098 animantia
3356 1030 3842 1121 complectitur,

930 1132 1173 1227 quietis
1216 1127 1719 1208 observatione3
1764 1152 1900 1200 non
1949 1126 2072 1198 alia
2097 1175 2121 1210 ‚
2164 1152 2318 1221 quae
2363 1122 2700 1218 mysticam
2736 1123 2942 1196 futuri
2983 1120 3526 1219 significationem
3565 1126 3845 1207 habuiffe

938 1230 1246 1323 utrinque
1272 1227 1669 1300 conceditur.
1736 1226 2041 1320 Perpetui
2068 1249 2229 1297 vero
2250 1226 2414 1317 juris
2439 1222 2559 1296 efle
2592 1227 2738 1296 haec
2763 1222 2988 1295 omnia
3015 1249 3034 1293 ε
3103 1225 3172 1295 D
3195 1244 3237 1296 Β
3263 1248 3310 1299 u
3336 1246 3399 1298 Μ
3474 1251 3614 1298 non
3641 1220 3845 1303 inodo

936 1328 1111 1400 intra
1151 1328 1442 1421 privatos
1482 1326 1754 1419 parietes
1778 1376 1804 1412 ,
1854 1323 1963 1396 sed
2010 1322 2271 1415 publice
2312 1328 2385 1396 in
2410 1322 2733 1416 fiequenti
2781 1342 2960 1411 chu
2998 1320 3350 1395 colendum
3376 1374 3400 1411 ,
3451 1345 3668 1419 utque·
3687 1326 3846 1398 tales

936 1448 1150 1499 wcoetus
1181 1425 1529 1498 convenire
1573 1419 1819 1524 possjnt
1842 1474 1867 1511 ‚
1906 1423 2103 1516 idque
2144 1427 2319 1496 redte
2379 1425 2445 1494 &
2489 1423 2713 1493 ordine
2749 1415 2869 1493 fiat
2892 1468 2919 1507 ‚
2955 1419 3118 1492 stata
3159 1440 3460 1516 tempora
3503 1421 3846 1496 necessario

938 1522 1347 1598 observanda
1370 1519 1534 1604 effe3
1584 1541 1976 1616 tantumque
2019 1518 2226 1593 abesse
2250 1575 2272 1609 ‚
2304 1542 2384 1594 ut
2419 1523 2564 1594 haec
2595 1541 2896 1612 tempora
2939 1519 3186 1593 rariora
3210 1520 3378 1592 inter
3425 1519 3848 1610 Christianos,

938 1636 1141 1714 quam
1188 1623 1354 1693 inter
1402 1621 1676 1713 Judaeos
1725 1623 1887 1694 olim
1944 1618 2264 1709 fuerunt,
2320 1617 2440 1692 effe
2464 1615 2796 1692 debeant:
2856 1636 2934 1691 ut
2962 1621 3181 1713 potius
3209 1620 3377 1691 inter
3413 1620 3554 1691 illos
3583 1616 3848 1713 publiea

936 1720 1194 1813 pietatis
1237 1721 1538 1795 exercitia
1590 1715 1919 1793 crebriora
1954 1717 2073 1791 effe
2120 1737 2424 1811 oporteat
2454 1766 2474 1798 ‚
2539 1717 2901 1810 majorique
2949 1714 3077 1790 sint
3161 1714 3526 1810 frequentia
3567 1769 3591 1804 ‚
3641 1736 3850 1791 atten-

940 1820 1121 1890 tione
1151 1869 1174 1904 ‚
1216 1819 1523 1912 religione
1554 1870 1576 1904 ,
1625 1820 1854 1892 ardore
1897 1815 2297 1891 celebranda.
2419 1819 2594 1890 Cum
2639 1819 2838 1912 igitur
2860 1813 3139 1888 Ecclesia
3178 1815 3582 1903 Christiana,
3625 1819 3696 1891 in
3732 1816 3851 1890 stan

940 1918 1025 1989 tis
1071 1915 1235 1988 hisce
1264 1914 1682 2010 ,temporibus
1705 1967 1729 2004 ‚
1778 1918 1952 1989 idern
1973 1967 1997 2004 ‚
2048 1917 2229 2010 quod
2272 1916 2545 2012 Judaica
2583 1916 2741 1988 olim
2768 1912 3144 1989 observavit
3169 1964 3194 1999 ‚
3244 1915 3500 1987 dierum
3543 1916 3851 1988 interval-

937 2017 1080 2087 lum
1128 2015 1466 2086 retinuerit
1494 2065 1519 2101 ‚
1569 2040 1644 2087 ac
1697 2013 2047 2107 septimum
2088 2040 2415 2110 quemque
2462 2015 2640 2099 diem
2671 2013 2738 2086 D
2766 2036 2814 2089 Ε
2841 2035 2890 2087 0
2938 2013 3309 2099 consecret,
3356 2013 3536 2106 quod
3576 2031 3656 2086 ut
3702 2039 3845 2085 mu.

934 2134 1117 2185 tetur
1141 2164 1166 2200 ,
1222 2132 1454 2185 neutra
1499 2138 1645 2206 pars
1689 2112 2159 2208 disputantium
2204 2112 2427 2189 suadet
2453 2165 2478 2201 ,
2521 2107 2715 2204 (five
2752 2114 2820 2184 id
2860 2130 3192 2206 praecepto
3246 2133 3483 2203 quarto
3545 2112 3847 2195 adstritsta

934 2210 1159 2284 fecerit
1181 2262 1204 2298 ‚
1257 2208 1392 2283 five
1440 2213 1558 2282 hac
1596 2214 1662 2303 in
1715 2238 1785 2283 re
1826 2210 2124 2305 libertate
2165 2209 2290 2282 fibi
2342 2211 2628 2286 conceffa
2672 2210 2784 2283 usa
2831 2209 3031 2283 fuerit
3057 2262 3079 2298 ‚
3121 2207 3154 2299 )
3193 2207 3483 2304 obligare
3519 2235 3850 2304 quemque

927 2330 1324 2405 perpetuum
1352 2332 1753 2404 praeceptum
1778 2312 1843 2382 D
1868 2332 1961 2383 131
1992 2361 2018 2397 ,
2057 2327 2181 2396 ut,
2231 2308 2613 2401 posthabitis
2663 2308 2974 2382 omnibus
3023 2309 3158 2381 aliis
3204 2311 3479 2403 negotiis
3517 2358 3541 2393 ‚
3617 2308 3849 2381 diebus

830 2438 840 2454 ·
926 2411 1026 2481 his
1063 2409 1292 2480 divino
1338 2409 1542 2480 cultui
1590 2408 1776 2480 unice
1814 2430 2051 2494 vacet,
2109 2409 2341 2502 cupide
2381 2409 2465 2483 ad
2514 2406 2716 2482 sacras
2763 2407 3295 2502 congregationes
3340 2409 3564 2478 veniat
3587 2434 3611 2486 3
3657 2408 3843 2479 domi

928 2506 992 2579 Ie
1051 2507 1135 2589 ad
1180 2506 1431 2603 easdem
1471 2507 1591 2579 rite
1642 2529 1969 2601 praeparet
1996 2555 2021 2594 ,
2062 2509 2414 2601 omniaque
2475 2559 2500 2595 ,
2574 2534 2728 2602 quae
2775 2506 2878 2579 vel
2926 2506 3260 2579 tantillum
3305 2508 3375 2575 in
3423 2530 3493 2576 re
3541 2523 3683 2576 tam
3733 2533 3848 2579 ne-

924 2603 1179 2685 ceffaria
1224 2603 1289 2678 se
1331 2604 1643 2698 impedire
1691 2601 1986 2699 possint,
2039 2604 2308 2699 seponat
2348 2635 2370 2678 z
2425 2609 2621 2702 idque
2663 2631 2798 2679 non
2848 2606 2998 2676 ideo
3041 2603 3251 2675 solum
3282 2654 3306 2689 ‚
3365 2606 3519 2696 quia
3567 2604 3636 2674 D
3665 2624 3708 2676 Ε
3739 2628 3786 2679 υ
3814 2626 3850 2677 s

922 2705 1089 2777 velit
1116 2754 1139 2789 ‚
1200 2723 1279 2776 ut
1323 2704 1764 2793 constitutioni
1804 2698 2104 2776 Ecclesiae
2145 2729 2483 2799 pareamus
2526 2735 2546 2786 ς
2611 2704 2718 2777 scd
2746 2703 2894 2778 ideo
2933 2702 3261 2795 praecipue
3293 2751 3319 2787 ,
3383 2702 3536 2794 quia
3559 2702 3655 2771 his
3694 2696 3851 2773 solis

924 2804 990 2873 8(
1026 2827 1163 2874 non
1208 2803 1344 2874 aliis
1373 2800 1604 2876 diebus
1642 2855 1667 2890 ,
1713 2805 1842 2877 hoc
1884 2804 2087 2876 modo
2137 2803 2403 2900 publico
2451 2806 2516 2878 &
2554 2803 2847 2891 solenni,
2891 2802 3142 2875 colatur
3186 2800 3254 2872 D
3280 2821 3320 2874 ε
3349 2821 3395 2874 u
3434 2821 3466 2872 s
3493 2849 3519 2888 ‚
3563 2800 3672 2891 qui
3703 2800 3848 2870 cul-

910 2896 1377 2990 rtus‘publicus
1413 2904 1479 2969 &
1531 2902 1853 2988 solennis,
1908 2907 2173 2995 privato
2214 2907 2485 2978 minime
2535 2902 2937 2989 sufficiente,
2975 2896 3265 2993 juris-sit
3307 2899 3688 2993 perpetui&
3720 2899 3852 2972 ima

921 2992 1256 3067 mutabilis
1291 3045 1313 3080 ,
1353 2995 1605 3068 homini
1634 3045 1659 3082 ,
1702 3000 1807 3066 cui
1853 3000 1937 3067 ad
1990 3024 2146 3067 eum
2189 3021 2372 3090 patet
2397 3002 2608 3074 aditus
2639 3049 2665 3085 ,
2713 3003 2748 3069 a
2785 3001 2853 3067 D
2878 3020 2920 3070 Β
2954 3021 3002 3070 o
3047 3002 3116 3067 in
3161 2999 3384 3069 omnia
3428 2996 3635 3070 secula
3658 3021 3854 3070 man·⁴

920 3093 1165 3165 datus:
1205 3091 1368 3164 adeo
1413 3141 1435 3176 ,
1481 3112 1558 3163 ut
1595 3093 1770 3162 hunc
1809 3093 1883 3162 iis
1921 3092 2155 3164 diebus
2182 3143 2204 3179 ‚
2255 3092 2495 3188 quibus
2539 3116 2657 3167 aut
2701 3095 2846 3166 solis
2875 3143 2902 3180 ,
2967 3114 3087 3170 aut
3130 3092 3355 3166 saltem
3383 3099 3712 3190 praecipue
3734 3123 3857 3191 pe-

919 3194 1170 3286 ragitur
1193 3240 1217 3277 ,
1276 3189 1637 3283 negligere,
1691 3214 1830 3260 non
1882 3190 2088 3262 modo
2136 3187 2219 3262 fit
2264 3192 2565 3264 ordinem
2607 3195 2959 3264 hominum
3010 3189 3532 3282 sanctissimum,
3584 3195 3732 3266 licet
3794 3200 3858 3269 &

919 3293 1097 3364 hunc
1155 3291 1193 3360 a
1226 3289 1294 3360 D
1318 3308 1360 3361 Β
1388 3309 1437 3361 0
1483 3286 1892 3377 institutum,
1935 3288 2261 3384 negligere
2284 3320 2306 3371 3
2347 3310 2508 3364 vota
2542 3289 2654 3364 sua
2694 3291 3038 3386 precesque
3085 3318 3240 3365 cum
3287 3296 3590 3366 omnium
3632 3293 3859 3366 Chris-

920 3392 1258 3463 tianorum
1283 3438 1310 3475 ‚
1340 3387 1437 3459 his
1452 3383 1601 3478 ipsis
1628 3385 1857 3458 diebus
1885 3439 1910 3477 ‚
1949 3385 2104 3459 fusis
2129 3389 2426 3481 precibus
2452 3392 2848 3486 conjungere
2869 3392 3040 3462 nolle
3070 3417 3088 3461 2
3122 3391 3226 3461 sed
3248 3392 3316 3457 D
3346 3409 3385 3458 Ε
3418 3409 3464 3457 υ
3488 3408 3551 3458 Μ
3597 3389 3857 3480 ipsum,

918 3487 1117 3581 idque
1168 3488 1387 3574 dire&
1440 3482 1531 3573 &³
1581 3487 1963 3580 immediate,
2017 3490 2196 3561 utin
2243 3490 2428 3581 cujus
2467 3492 2792 3564 honorem
2831 3490 2935 3560 hic
2982 3509 3122 3558 tam
3154 3500 3374 3576 gratus
3414 3501 3521 3554 tot
3557 3483 3625 3554 in
3676 3491 3860 3563 orbe

925 3583 1292 3656 Christiano
1342 3604 1661 3657 votorum
1684 3636 1708 3671 ‚
1749 3611 2021 3678 precum
2046 3636 2069 3671 ‚
2114 3587 2525 3681 aliorumque
2551 3587 2805 3680 pietatis
2836 3581 3296 3654 exercitiorum
3335 3576 3418 3652 fit
3448 3604 3860 3675 concentus,-

925 3700 1389 3762 contemnere3
1448 3707 1732 3774 eumque
1760 3731 1784 3766 ‚
1827 3680 2080 3752 tributo
2125 3708 2263 3753 non
2305 3689 2519 3757 minus
2552 3690 2589 3754 a
2637 3679 3004 3755 Christianis
3029 3729 3053 3766 ,
3109 3674 3161 3748 fi
3192 3702 3328 3748 non
3372 3675 3460 3752 ab
3491 3681 3587 3751 his
3637 3683 3854 3774 pluri...

886 3831 891 3838 -
927 3776 1055 3868 bus
1092 3770 1516 3872 nominibus,
1562 3802 1764 3870 quam
1818 3778 1973 3847 olim
2016 3778 2069 3870 a·
2112 3779 2363 3869 judaeis
2386 3835 2410 3870 ‚
2457 3778 2575 3875 ipfi
2611 3777 2887 3857 debito;
2936 3777 3117 3872 quod
3149 3774 3295 3849 sane
3335 3778 3462 3849 alio
3505 3799 3848 3872 tempore,

928 3901 1134 3971 quam
1188 3903 1343 3950 cum
1377 3872 1653 3949 Ecclesia
1698 3874 2047 3946 convenire
2084 3875 2248 3952 solet
2277 3931 2301 3966 ‚
2349 3880 2628 3974 pendere
2670 3878 2761 3949 illi
2816 3903 2951 3948 non
2991 3874 3372 3969 poffumus3
3429 3874 3842 3953 defraudare.

932 3977 1165 4069 Atque.
1199 3975 1280 4047 ad
1326 3977 1500 4044 hunc
1528 4023 1558 4061 ,
1620 3974 1695 4044 in
1738 3971 1903 4045 hisce
1950 3972 2305 4062 omnibus,
2347 3981 2638 4071 partium
2683 3974 3153 4071 disputantium
3207 3972 3586 4048 consensum
3627 3972 3878 4050 sicubi.

931 4098 1071 4163 non
1122 4070 1524 4150 attenditur3
1593 4067 1700 4142 sed
1747 4074 1841 4144 ita
1898 4071 2261 4164 disputatur
2293 4127 2315 4163 ‚
2360 4101 2433 4147 ac
2457 4074 2504 4147 s1
2536 4079 2604 4148 in
2651 4077 2746 4147 his
2782 4097 2897 4145 aut
2936 4069 3246 4146 universis
3276 4094 3391 4143 aut
3428 4074 3668 4143 horum
3691 4077 3850 4166 qui-

930 4170 1210 4260 busdam
1256 4189 1466 4263 partes
1504 4193 1767 4263 quoque
1812 4165 2225 4255 diffiderent3
2285 4176 2556 4267 haecque
2594 4176 2669 4245 iis
2693 4226 2717 4261 ‚
2758 4172 2825 4244 in
2866 4170 3110 4269 quibus⁸
3139 4194 3332 4243 vetus
3381 4167 3837 4260 diffensusest,

933 4269 1445 4364 permiscentur:
1487 4284 1634 4339 tum
1667 4291 1827 4341 vero
1876 4269 2083 4344 oritur
2127 4271 2288 4346 illud
2347 4274 2783 4346 contentionis
2838 4293 3041 4365 genus
3079 4318 3106 4356 ,
3174 4267 3358 4362 quod
3399 4291 3521 4342 nos
3565 4276 3836 4341 mixtam

932 4367 1380 4466 Logomachiam
1427 4368 1845 4461 appellamus

534 4522 891 4684 ‘33:233‘
1126 4564 1361 4656 Audeo
1374 4618 1397 4653 ‚
1448 4566 1599 4660 quia
1644 4571 1835 4658 hanc‘
1866 4567 2379 4645 controversiam
2447 4566 2761 4642 adducere
2814 4564 3075 4640 sustinui
3103 4616 3126 4650 ,
3179 4563 3448 4638 alteram
3490 4566 3596 4638 hic
3660 4565 3837 4640 inter

551 4693 864 4784 messua-
936 4667 1196 4746 eosdem
1239 4668 1550 4761 agitatam
1570 4713 1597 4754 ‚
1647 4667 2002 4761 attingeret
2062 4687 2180 4747 An
2209 4668 2425 4764 fideles
2445 4715 2471 4757 ,
2525 4673 2635 4764 qui
2688 4683 2831 4740 ante
2902 4663 3123 4758 Christi
3184 4682 3435 4738 mmem
3479 4671 3780 4831 vix‘g'ffn'
3800 4710 3834 4760 t.

3580 4787 3613 4832 o
3652 4778 3829 4834 tmue
