4188 5670
1066 369 1847 457 Εισυιτρκ
1973 362 2229 440 Cat
2363 367 2522 444 IV
3113 408 3205 478 w

194 548 201 552 >
293 582 478 662 ‘1¹²0‘
549 560 632 636 de
700 554 801 632 ¹¹3⁸
860 545 1328 649 quaeOEOffibW
1372 562 1560 664 tanta
1615 546 1745 620 ¹1¹³ss
1816 543 2021 641 afilae
2072 547 2277 644 gloria
2312 605 2322 613 -
2340 574 2806 648 pugnaverunt
2845 581 2865 628 t
2901 558 3051 633 ,hoc
3095 563 3217 634 erit

299 660 557 739 artioris
582 712 608 752 ‚
664 663 794 734 hoc
836 653 1096 728 virmtis
1158 671 1508 747 praetmum
1557 671 1581 716 ε
2020 724 2025 727 ,
2084 696 2091 703 .

893 859 1033 931 Hoc
1081 856 1349 945 pretium
1379 832 1579 943 studii·
1627 846 2145 948 vigilatorusnque
2199 846 2538 943 labormn,'
2633 876 2636 881 ·

297 1081 392 1136 ut
435 1082 611 1131 nunc
653 1050 904 1151 populo
948 1046 1309 1144 spectaculo
1354 1039 1482 1121 fint
1509 1095 1532 1133 ,
1580 1046 1645 1116 St
1692 1064 2005 1138 tanquam
2050 1049 2135 1120 de
2168 1044 2409 1122 umbra
2439 1047 2644 1124 Afini·
2670 1072 2807 1126 tam
2849 1053 2961 1126 diu
3018 1059 3218 1129 cettei

306 1161 534 1233 verint
563 1206 590 1247 ,
632 1178 786 1226 cum
808 1152 989 1225 larva
1004 1145 1438 1243 pugnaverint
1460 1193 1484 1230 ‚
1521 1141 1689 1215 bella
1719 1140 1853 1215 fine
1886 1145 2066 1219 hoste
2102 1144 2434 1242 gefferint,
2473 1150 2542 1221 iu
2586 1153 2834 1224 circulis
2860 1155 3210 1229 rideantur.

505 1354 680 1426 Hinc
722 1346 1067 1422 confestim
1102 1368 1283 1416 nova
1327 1338 1614 1433 exsurgit
1642 1337 1988 1435 disputatio
2014 1392 2039 1430 ‚
2088 1366 2175 1414 an
2202 1345 2380 1438 prior
2406 1343 2755 1439 disputatio
2780 1351 3221 1445 Logomachia

298 1450 554 1528 fuerit:
600 1452 663 1524 ἃ
698 1473 851 1519 cum
890 1471 1069 1519 nova
1120 1440 1556 1537 disputatione
1591 1461 1770 1510 nova
1812 1444 2184 1513 animorum
2231 1442 2642 1519 exacerbatio
2669 1501 2691 1535 ‚
2733 1474 2934 1521 novae
2985 1449 3149 1520 rixae
3197 1496 3223 1536 ,

299 1575 491 1625 nova
519 1547 828 1622 convicia.
907 1546 1039 1617 Hic
1062 1546 1228 1615 iram
1255 1561 1402 1632 pars
1434 1554 1711 1633 utraque
1734 1538 2120 1633 plerumque
2154 1542 2234 1612 in·
2250 1545 2734 1618 conciliatorem
2764 1549 2964 1620 vertit
2988 1598 3010 1632 ,
3047 1571 3230 1618 eum-

306 1675 445 1745 que
506 1648 617 1742 qui
666 1644 1178 1739 Logomachiam
1203 1632 1913 1732 disputationibussuis
1955 1637 2318 1713 admixtam
2366 1640 2485 1714 effe
2509 1691 2534 1729 ,
2593 1646 2802 1716 dicere
2834 1647 3071 1717 audet:
3106 1644 3230 1715 Iste

300 1749 493 1820 enim
547 1742 884 1842 tignum-mbr
927 1743 1311 1835 plerumque
1356 1758 1495 1806 non
1528 1731 1719 1806 aliam
1744 1734 1830 1808 ab
1874 1738 1951 1809 iis
1978 1782 1998 1810 ‚
2029 1736 2268 1831 quibus
2318 1742 2565 1834 optime
2611 1740 2977 1817 consultum
3023 1742 3219 1829 vult,

301 1845 591 1939 gratiam
621 1845 742 1913 init
762 1889 796 1928 .,
833 1865 1032 1934 quam
1072 1859 1153 1910 ut
1206 1836 1471 1931 utrique
1515 1833 1685 1925 parti
1732 1834 1995 1908 odiosus
2042 1832 2126 1909 fit
2154 1887 2179 1924 ,
2231 1840 2369 1909 imo
2411 1842 2615 1934 magis
2672 1844 2870 1913 etiam
2906 1839 3165 1914 odiosus
3197 1890 3222 1927 ,

294 1967 517 2036 quam
551 1939 746 2012 altera
801 1937 990 2011 alteri
1037 1935 1167 2009 fuit
1202 1933 1404 2026 usque
1437 1931 1650 2003 adhuc
1674 1984 1699 2021 ,
1733 1934 2092 2028 praesertim
2137 1938 2205 2007 in
2246 1935 2442 2008 rebus
2493 1940 2574 2010 ad
2629 1940 3042 2033 Religionem
3095 1965 3239 2033 per-

298 2035 685 2117 tinentibus
716 2033 901 2123 ,ubi
952 2032 1356 2129 Logomachi
1399 2056 1523 2124 pro
1580 2031 1785 2124 gloria
1819 2035 1888 2105 D
1913 2054 1956 2106 Ε
1982 2055 2007 2106 1
2048 2059 2343 2128 pugnare
2367 2086 2392 2123 ‚
2440 2033 2487 2107 fi
2536 2063 2675 2108 non
2713 2035 2830 2132 ipfi
2869 2036 2988 2109 fibi
3025 2039 3249 2112 viden-

300 2157 483 2225 tur,
541 2152 711 2208 certe
743 2132 883 2204 aliis
928 2133 1133 2207 videri
1171 2130 1425 2204 volunt.
1506 2131 2099 2217 Quemadmodum
2131 2137 2307 2205 enim
2344 2131 2754 2207 veriffimum
2799 2136 2888 2209 est
2923 2137 3080 2210 illud
3111 2136 3246 2209 Ve-

304 2233 591 2313 rulamii
622 2258 644 2302 z
708 2230 963 2333 Bffma
1016 2257 1106 2304 res
1158 2234 1235 2327 est
1281 2254 1553 2324 morum
1619 2231 1960 2308 dvc&{oeeae;
2013 2229 2106 2317 &²
2142 2256 2254 2325 pro
2292 2238 2437 2326 peste
2474 2235 2793 2307 Intellet‘i'm
2831 2236 3100 2309 habenda
3146 2237 3247 2327 est,

266 2420 273 2427 .
287 2335 358 2429 fi
400 2332 585 2417 vam}
618 2328 874 2415 ‚accedat
917 2338 1220 2402 veneratio
1271 2355 1291 2397 ε
1367 2327 1473 2400 Ita
1518 2324 1667 2399 sane
1704 2351 1839 2398 non
1862 2332 2080 2400 minus
2106 2328 2460 2423 periculosa
2505 2358 2605 2404 res
2657 2331 2748 2405 est
2780 2332 2962 2404 α’·ποθ
2974 2331 3128 2409 iem
3180 2337 3246 2405 &

306 2428 712 2517 consecratio
759 2427 1360 2523 Logomachiarum
1388 2475 1414 2514 ‚
1485 2423 1593 2497 seu
1627 2427 1899 2498 aliarum
1955 2428 2338 2520 hujusmodi
2389 2433 2892 2503 contentionum
2936 2431 3017 2503 de
3066 2429 3263 2502 rebus

309 2532 475 2605 levis
554 2530 885 2615 momenti
943 2551 1187 2599 :crnn
1255 2526 1388 2597 illae
1449 2526 1726 2596 totidem
1772 2549 1893 2617 pro
1939 2526 2008 2598 D
2040 2546 2080 2599 Ε
2105 2548 2157 2601 ο
2214 2530 2280 2599 &
2336 2527 2550 2601 Patria
2609 2554 2854 2623 pugnae
2907 2527 3255 2601 habentur.

222 2665 238 2680 ·
310 2632 452 2719 Exf
485 2653 626 2721 quo,
666 2644 911 2719 praeter
961 2624 1085 2697 alia
1127 2617 1631 2718 innumerabilia
1666 2622 1839 2696 mala
1872 2675 1898 2712 ‚
1945 2626 2072 2699 hoc
2120 2622 2462 2699 neceffisio
2515 2629 2726 2721 oritur
2757 2678 2784 2716 ,
2862 2643 2942 2699 ut
2988 2623 3262 2717 morbus

313 2722 531 2803 nost'et
568 2719 827 2820 prorsus
884 2717 1008 2797 fiat
1057 2719 1446 2806 insanabilis.

474 2999 483 3010 ,
519 2925 699 2997 Tum
751 2921 931 2997 ehim
968 2922 1045 2993 iis
1093 2968 1117 3006 ‚
1186 2923 1300 3012 qui
1343 2917 1600 3002 acutius
1640 2913 2154 3010 disputationum
2205 2916 2541 2996 levitatem
2589 2938 2861 2996 cernunt
2883 2973 2907 3010 ,
2959 2925 3022 2996 &
3048 2925 3258 3020 'quod

323 3043 653 3113 cernunt,
694 3025 975 3117 ingenue
1012 3012 1415 3113 profitentur
1446 3066 1470 3103 ,
1504 3013 1678 3087 idem
1697 3015 2061 3111 plerunque
2096 3017 2366 3105 accidit,
2409 3024 2588 3117 quod
2622 3023 2741 3095 illis
2767 3021 3127 3116 'quondam
3158 3027 3258 3097 in-

316 3141 425 3196 ter
479 3122 750 3210 Graecos
791 3118 1192 3210 Philosophis
1243 3116 1516 3209 contigit
1551 3166 1570 3200 ,
1607 3115 1724 3208 qui
1773 3119 2090 3210 propius',
2140 3141 2339 3212 quam
2392 3122 2555 3194 rude
2584 3122 2820 3217 vulgus
2846 3172 2871 3209 ‚
2920 3122 3002 3194 ad
3042 3147 3119 3194 co
3213 3125 3262 3192 i-

320 3220 589 3293 tionem
631 3222 821 3304 unius
866 3216 1025 3287 Veri
1075 3215 1142 3286 D
1167 3234 1209 3287 E
1235 3237 1263 3287 1
1320 3218 1699 3288 accedentes
1736 3263 1760 3301 ,
1827 3213 2038 3288 larvas
2098 3215 2236 3290 illas
2269 3217 2571 3293 Deorum
2631 3244 2990 3311 eorumque
3045 3148 3233 3289 ingiii

321 3339 475 3391 tam
516 3311 1018 3409 multitudinem
1038 3333 1234 3406 atque
1265 3312 1430 3382 adeo
1467 3330 1683 3387 totam
1709 3309 2068 3404 plebeculae
2083 3311 2601 3407 superstitionem
2628 3318 2920 3388 riserunt.
2997 3317 3257 3402 Qem-
3355 3341 3364 3352 ·

320 3413 693 3489 admodum
742 3414 916 3486 enim
960 3411 1025 3483 hi
1067 3429 1416 3507 propterea
1461 3410 1640 3480 ἄθεοι
1674 3410 1910 3480 vocati
1938 3408 2090 3480 sunt
2122 3458 2148 3495 ‚
2199 3431 2396 3502 atque
2436 3415 2505 3484 in
2545 3411 2803 3486 summo
2836 3410 3009 3503 apud
3044 3434 3253 3504 popu-

322 3514 472 3585 lum
524 3512 678 3584 odio
738 3509 1003 3585 fuerunt
1055 3537 1077 3579 ε
1152 3510 1242 3581 ita
1299 3506 1389 3578 illi
1469 3529 1702 3579 omnes
1768 3502 2257 3599 perspicaciores
2308 3509 2372 3578 δε
2414 3510 2734 3599 aequiores
2777 3509 2860 3579 de
2918 3507 3262 3601 cujuslibet

322 3606 796 3685 controversiae
849 3624 1193 3683 momento
1218 3606 1464 3699 judices
1487 3653 1512 3692 ,
1564 3604 1826 3697 utrique
1863 3603 2038 3696 parti
2083 3599 2273 3675 invisi
2298 3654 2323 3691 ‚
2357 3599 2443 3676 ab
2475 3605 2676 3678 altera
2701 3606 2943 3678 callidi,
2974 3606 3211 3698 versuti
3232 3657 3260 3697 ‚

315 3713 653 3803 impostores
668 3759 695 3796 ‚
710 3707 1105 3805 fraudulenti
1130 3706 1565 3801 appellantur,
1606 3708 1717 3803 qui
1744 3700 2009 3774 homines'
2019 3699 2478 3793 adolescentulos
2509 3703 2743 3798 educ‘i'or
2773 3704 2956 3778 libere
2985 3708 3242 3802 infrau-

321 3808 459 3882 dem
502 3806 759 3880 micam
785 3858 808 3895 ,
853 3804 1233 3897 fhllicitando
1287 3801 1377 3890 &¹
1418 3799 1819 3895 'poHicitando
1877 3801 2115 3875 illorum
2157 3809 2385 3876 animos
2430 3797 2654 3878 laevem
2697 3833 2719 3887 ,ἡ
2764 3800 2849 3875 ab
2885 3802 3083 3887 altera
3135 3830 3257 3882 vo-

321 3901 561 3978 cantui
601 3907 787 3998 tepidi
825 3907 891 3977 in
945 3904 1254 3997 religione
1304 3951 1330 3988 ,
1380 3900 1611 3997 frigidi
1660 3951 1687 3987 ‚
1758 3898 2164 3993 indiffirentes
2188 3950 2211 3987 ,
2258 3905 2748 3994 pravaricatores
2765 3952 2791 3992 ,
2838 3897 3166 3996 prodirem
3215 3954 3244 3995 ,

320 4002 653 4100 mmfiegae
664 4055 692 4094 ,
744 4006 811 4078 &
852 3999 1063 4077 ficubi
1096 4004 1190 4073 ira
1233 3997 1452 4101 crescit
1474 4048 1497 4085 ,
1531 3999 1768 4095 profani
1790 4048 1838 4087 2,
1872 4007 2043 4093 impii
2083 4018 2281 4093 atque
2317 4000 2523 4102 Athei.

516 4201 623 4272 Ita
666 4200 1055 4296 plerumque
1087 4199 1314 4295 gratiae
1348 4212 1638 4291 aguntur
1672 4191 2119 4270 omnibusillis
2143 4246 2168 4284 ,
2201 4200 2573 4295 quicunque
2597 4191 2914 4274 morbum
2942 4203 3117 4294 hunc
3134 4224 3247 4273 cu.

335 4324 466 4373 rate
516 4323 601 4393 ag
646 4300 984 4388 rediuntur
1014 4330 1034 4368 .-
1061 4301 1208 4392 quis
1232 4322 1364 4369 non
1402 4345 1425 4382 ,
1454 4295 1568 4366 tali
1595 4295 1889 4368 mercede
1925 4293 2261 4391 propofita
2283 4347 2308 4384 ,
2341 4300 2640 4372 Medicus
2685 4298 2804 4370 esse
2831 4301 2989 4371 velit
3010 4299 3045 4372 ἲ
3069 4300 3248 4369 Con-

340 4412 439 4468 tra
476 4398 561 4467 ini
625 4398 716 4468 oli
757 4395 999 4484 sancti,
1026 4397 1117 4467 illi
1144 4390 1461 4488 religiosi,
1508 4394 1600 4465 illi
1638 4394 1871 4467 zelotae
1904 4446 1928 4481 ,
1973 4394 2061 4465 illi
2087 4394 2506 4470 orthodoxiae
2533 4394 2681 4468 sunt
2725 4396 3092 4479 columina,
3141 4393 3262 4480 qui

334 4494 495 4565 nihil
522 4497 888 4588 ‘quicquam
935 4495 1278 4567 remittunt
1306 4491 1680 4566 adverfiuiis
1712 4543 1734 4578 ‚
1767 4494 1881 4585 qui
1911 4492 2135 4564 omnia
2183 4497 2434 4564 eor'um.
2465 4494 2637 4565 dic'ta
2666 4494 2733 4562 in
2776 4493 3045 4564 haereses
3069 4483 3276 4556 trans-

328 4589 618 4666 formare
645 4643 670 4678 ,
732 4589 1082 4664 leviffimas
1128 4589 1411 4686 quasque
1466 4587 1876 4663 distensiones
1924 4591 2215 4662 immane
2246 4611 2574 4681 quantum
2604 4612 2990 4680 exaggerare
3021 4581 3280 4652 scitum

324 4693 439 4785 qui
515 4714 794 4764 omnem
863 4691 1273 4762 tolerantiam
1318 4740 1343 4777 ‚
1413 4713 1685 4762 omnem
1757 4686 2328 4763 mansuetudinem
2350 4736 2376 4774 ‚
2432 4686 2859 4761 concordiam
2892 4729 2918 4766 ,
2969 4687 3303 4747 tanouam

560 4794 661 4861 W
652 4787 941 4885 ererffelfii
990 4787 1304 4881 Opqscula.
1369 4788 1571 4861 Tom.
1611 4787 1647 4861 1
1668 4785 1724 4860 1.
2394 4785 2467 4876 G
2995 4777 3305 4837 commu·
