4188 5670
1090 266 2586 359 ·Ei'5b1·ron.'c‘ar.11.
3234 304 3325 385 ¹7

404 467 629 561 cipere.
696 458 1049 563 aliquando
1097 457 1432 559 poffumus
1510 454 1932 535 substantiam
2004 456 2375 554 fimplieiter
2431 466 2498 535 &
2571 463 2661 537 nil
2710 462 2830 539 nifi
2884 464 3321 542 substantiam.

396 564 691 643 Nullum
746 559 937 635 credo
970 557 1176 655 usque
1228 559 1392 632 adeo
1449 559 1688 650 &alem
1741 553 1859 631 effe
1912 557 2087 650 pofl'e
2139 589 2161 640 3
2217 561 2331 653 qui
2377 611 2401 645 ‚
2471 561 2838 637 dummodo
2915 570 3061 639 haec
3128 566 3332 641 verba

395 682 523 739 tua
564 660 881 757 intelligat
910 708 935 747 ,
991 659 1059 731 id
1093 656 1179 733 fit
1224 678 1518 752 uuquam
1559 650 2023 729 affirmaturus.
2130 658 2256 731 Sed
2311 659 2469 730 nihil
2513 661 2686 734 aliud
2741 685 2984 759 negant
3010 716 3030 749 ,
3086 668 3198 759 qui
3258 693 3331 738 u-

397 759 744 836 niversalia
780 761 817 830 a
865 777 1044 850 parte
1082 759 1179 831 rei
1226 752 1346 835 effe
1392 772 1651 851 negant.
1758 759 2007 845 Qaere
2048 755 2284 827 deinde
2317 782 2401 827 ex
2443 783 2524 828 eo
2549 810 2572 844 ‚
2633 765 2741 854 qui
2786 765 2914 834 hoc
2965 783 3159 856 neg›-t
3184 815 3207 850 ‚
3243 790 3330 837 an

394 858 472 934 id
504 912 528 948 ,
618 857 757 930 uod
810 854 939 950 ipse
987 855 1353 950 concipiat,
1404 879 1557 926 cum
1583 853 1838 927 nonnifi
1882 852 2618 950 substantiam-concipit
2642 910 2665 944 ,
2729 858 2806 931 fit
2830 912 2853 946 ‚
2897 858 2932 947 (
2952 878 3344 955 quanquam·

392 985 541 1033 non
618 957 803 1028 olum
826 1004 850 1041 ,
887 959 990 1028 uti
1014 954 1148 1047 ipse
1183 976 1355 1029 nunc
1396 948 1528 1025 hoc
1579 950 1785 1024 solum
1833 954 2113 1046 concipit
2136 949 2216 1043 ,)
2255 953 2363 1024 sed
2393 950 2475 1025 fit
2514 976 2729 1028 tamen
2776 984 3001 1031 revera
3039 961 3106 1030 in
3151 964 3272 1033 hae
3299 1011 3324 1048 ‚

392 1060 473 1131 in
523 1056 626 1130 illa
654 1105 679 1141 ,
724 1051 945 1125 inlista
997 1051 1348 1126 substantia
1375 1101 1398 1138 ‚
1446 1073 1600 1145 quae
1644 1050 1710 1120 in
1748 1076 1967 1123 rerum
2017 1072 2252 1123 natura
2291 1051 2398 1122 est.
2437 1106 2440 1109 -
2526 1053 2756 1128 Nemo
2782 1058 3005 1128 itidem
3054 1059 3153 1129 vel
3193 1084 3327 1130 ma-
3427 1094 3435 1098 ·

393 1159 581 1245 xime
618 1151 1013 1236 Nominalis,
1056 1147 1107 1225 fi
1157 1149 1360 1221 modo
1425 1168 1496 1219 te
1540 1147 1878 1242 intelligit,
1925 1150 1990 1221 id
2035 1173 2268 1241 negare
2319 1148 2604 1223 audebit.
2750 1156 2878 1227 Sed
2936 1158 3088 1226 nihil
3155 1158 3328 1229 aliud

398 1254 686 1339 volunt,
735 1247 786 1322 fi
823 1249 1031 1323 modo
1071 1246 1274 1320 sciant
1309 1246 1471 1340 quid
1518 1248 1763 1334 velint,
1820 1250 1931 1341 qui
1978 1247 2358 1320 universalia
2426 1250 2462 1318 a
2501 1271 2687 1343 parte
2750 1254 2845 1324 rei
2871 1268 2875 1272 ’
2905 1250 3025 1324 effe
3080 1254 3322 1328 dicunt.

400 1518 413 1527 ,
596 1450 701 1541 De
742 1445 1073 1542 supposito
1119 1445 1354 1519 multae
1418 1440 1795 1540 hujusmodi
1848 1443 2315 1519 controverfiae
2352 1469 2558 1520 motae
2599 1436 2749 1522 sunt
2782 1476 2800 1520 ε
2860 1448 3209 1545 quaefitum
3254 1450 3326 1528 v}

391 1573 495 1645 gr.
550 1547 715 1620 inter
750 1548 873 1619 alia
922 1546 1013 1618 est
1037 1595 1061 1632 ‚
1120 1571 1203 1617 an
1254 1552 1461 1616 anima
1516 1548 1685 1616 Petri
1730 1544 1772 1612 ἃ
1842 1566 2072 1635 corpore
2099 1546 2381 1636 separata
2424 1545 2514 1632 fit
2538 1545 2905 1638 suppositum
2933 1600 2947 1623 ,
2999 1577 3119 1625 nec
3173 1579 3254 1624 ne
3299 1605 3323 1641 ‚

394 1642 497 1731 &²
551 1645 755 1719 adhuc
786 1645 913 1736 sub
954 1642 1167 1737 judice
1218 1644 1290 1717 lis
1341 1646 1439 1735 est.
1561 1638 1783 1734 Negat
1831 1642 1939 1715 hic
1967 1640 2373 1737 suppofitum
2417 1641 2585 1714 effe:
2637 1646 2820 1717 cur?
2874 1674 3008 1721 non
3050 1650 3140 1721 est
3181 1649 3326 1722 sub.

388 1742 627 1817 stantia
665 1741 995 1837 singularis
1023 1792 1047 1829 ‚
1102 1741 1446 1834 completa.
1534 1739 1779 1828 Quid?
1835 1765 2060 1812 annon
2124 1739 2214 1811 est
2267 1742 2482 1813 anima
2531 1745 2927 1838 completa?
3011 1746 3170 1828 Est;
3220 1747 3326 1821 sed

382 1867 535 1916 non
594 1841 686 1917 est
722 1868 869 1916 com
916 1844 1082 1920 letus
1120 1842 1348 1913 homo.
1458 1834 1665 1928 Quasi
1735 1836 2077 1932 quisquam
2155 1840 2441 1911 animam
2507 1837 2864 1931 separatam
2924 1848 3327 1938 completum

384 1940 742 2031 hominem
790 1967 827 2017 e
873 1967 910 2013 e
952 1938 1196 2012 diceret
1231 1934 1265 2009 ἲ
1317 1938 1438 2010 Sed
1479 1959 1696 2010 tamen
1729 1987 1753 2024 ,
1799 1954 2141 2031 pugnant,
2185 1963 2321 2008 non
2373 1935 2463 2006 est
2509 1935 2915 2033 suppositum
2942 1995 2964 2029 ,
2992 1946 3144 2037 quia
3179 1970 3326 2038 pars

390 2035 495 2108 est
539 2038 825 2109 hominis
871 2059 1049 2108 nunc
1086 2034 1340 2129 quidem
1374 2033 1662 2129 separata
1686 2084 1709 2119 ,
1759 2034 1864 2107 sed
1900 2033 2017 2107 suo
2066 2054 2363 2128 tempore
2402 2036 2641 2107 iterum
2667 2065 2815 2111 cum
2858 2066 3134 2135 corpore
3171 2069 3327 2115 con-

379 2135 751 2230 jungenda.
862 2129 1065 2222 Qafi
1118 2159 1237 2231 ego
1290 2133 1431 2207 haec
1464 2131 1771 2226 negem?
1825 2134 2008 2222 Qid
2034 2135 2231 2227 igitur
2278 2132 2630 2223 disputas?
2687 2138 2849 2210 Non
2886 2141 3163 2232 amplius
3205 2140 3326 2213 dist

378 2251 561 2328 puto
619 2259 639 2302 ε
694 2232 888 2305 video
927 2233 1102 2305 enim
1153 2257 1273 2306 nos
1302 2232 1367 2303 in
1405 2229 1717 2305 omuibus
1757 2231 2117 2305 consentire
2144 2284 2166 2318 ‚
2198 2247 2637 2324 praeterquam
2683 2235 2757 2311 -in
2793 2236 3120 2311 vocabulo
3172 2238 3316 2333 sup-

377 2328 603 2426 positi.
720 2331 864 2425 Ego
907 2332 1203 2422 quamvis
1241 2328 1663 2405 substantiam
1731 2327 2122 2424 singularem
2167 2327 2253 2402 ab
2312 2330 2434 2401 alia
2499 2328 2856 2423 separatam
2905 2334 3314 2429 suppositum

382 2423 795 2524 appellabam
850 2456 869 2499 ε
938 2449 1015 2499 tu
1061 2428 1316 2502 nonnifi
1366 2455 1512 2503 eam
1537 2481 1562 2517 ,
1605 2451 1757 2523 quae
1786 2455 1921 2502 non
1968 2428 2048 2499 ad
2093 2431 2160 2501 id
2211 2426 2523 2500 destinata
2568 2429 2694 2519 est,
2732 2453 2810 2504 ut
2835 2458 2989 2504 cum
3033 2435 3155 2504 alia
3196 2433 3312 2504 suo

382 2545 686 2622 tempore
799 2527 1042 2606 iterum
1128 2531 1390 2616 uniatur
1465 2555 1484 2603 ε
1578 2527 1687 2600 sed
1748 2553 1881 2613 non
1940 2528 2110 2600 tanti
2185 2526 2278 2599 est
2335 2522 2643 2618 suppositi
2710 2555 2849 2604 vox
2953 2579 2978 2615 ‚
3050 2548 3129 2603 ut
3161 2555 3311 2622 pro-

382 2650 606 2721 pterea
661 2628 853 2700 amici
898 2625 1018 2698 effe
1085 2623 1471 2705 defluamus,
1578 2624 1790 2717 facile
1839 2624 2278 2713 demonstrare
2317 2622 2563 2717 poffem
2591 2675 2615 2709 ,
2687 2628 2843 2698 tales
2906 2625 3025 2697 effe
3055 2687 3059 2691 ⁴
3085 2653 3315 2700 omnes

431 2750 591 2819 rope
635 2722 1244 2820 Metaphyficorum
1284 2725 1746 2814 disputationes
1779 2773 1802 2806 ,
1840 2749 1921 2792 an
1956 2748 2126 2795 omne
2171 2748 2272 2801 ens
2301 2722 2391 2806 fit
2440 2744 2638 2796 unum
2673 2773 2697 2808 ‚
2746 2724 2837 2812 fit
2890 2750 3108 2796 verum
3143 2776 3167 2811 ‚
3219 2726 3313 2816 fit

382 2752 607 2900 {onum
643 2873 667 2910 ‚
683 2822 770 2913 fit
787 2824 1119 2918 perfe3um
1149 2851 1169 2888 .·
1197 2819 1503 2919 quodnam
1534 2818 1623 2908 fit
1663 2823 2023 2909 principium
2074 2816 2573 2901 individualem?
2615 2848 2638 2894 .·
2680 2848 2762 2906 an
2803 2824 3113 2900 relationes
3154 2824 3309 2920 exis-'-

385 2935 528 3018 tq'nt
566 2947 779 2995 revera
798 2975 825 3010 ‚
878 2927 942 2996 &
991 2921 1145 2992 alias
1179 2944 1297 3025 per
1334 2935 1547 2997 totam
1607 2916 1786 2994 issam
1841 2912 2257 3010 disciplinam.
3251 2923 3254 2924 ⁷

560 3143 567 3146 ⁷
626 3120 927 3211 Ejusdem
979 3124 1319 3195 commatis
1359 3117 1511 3192 sunt
1556 3115 1827 3212 Phyfica
1869 3112 2463 3210 Scholasticorun13
2527 3125 2594 3196 &
2640 3124 2820 3219 longi
2882 3123 2971 3195 illi
3021 3126 3088 3193 in
3147 3125 3304 3192 od'to
3344 3109 3623 3222 ij'fi‘l„

383 3215 593 3290 libros
636 3217 1052 3311 Physoeorum
1121 3219 1476 3298 Aristotelis
1538 3219 1988 3289 commentarii
2040 3247 2059 3290 z
2138 3244 2308 3311 quas
2387 3222 2565 3291 enim
2612 3222 2764 3290 alias
2832 3214 3304 3290 controversias
3337 3190 3624 3269 5⁶'‘⁰¹“fl“·

381 3321 726 3411 expedies,
780 3317 896 3389 ubi
937 3318 1089 3390 nihil
1141 3315 1262 3389 nisi
1290 3339 1486 3388 voces
1521 3313 1668 3384 sunt
1695 3363 1718 3398 ‚
1770 3311 2007 3404 quibus
2062 3317 2240 3385 nulla
2296 3316 2653 3406 plerunque
2695 3334 2810 3384 aut
2853 3314 3080 3384 saltem
3144 3337 3298 3385 cona
3332 3292 3539 3348 “mm'’

383 3411 523 3486 fusa
576 3413 863 3509 subjecta
914 3417 1006 3490 est
1046 3417 1188 3505 vis,
1242 3438 1447 3508 quam
1495 3409 1967 3505 Logomachias
2000 3407 2047 3479 *2
2094 3410 2436 3480 Nimirum
2513 3411 2700 3480 valde
2757 3406 3057 3482 diffident
3086 3461 3110 3498 ‚
3181 3414 3298 3506 qui

382 3511 716 3608 disputant
766 3516 949 3588 detur
972 3562 1002 3577 -
1040 3541 1114 3585 ne
1148 3533 1337 3595 motus
1391 3510 1481 3584 ad
1502 3507 1917 3608 substantiam
1935 3555 1962 3594 ,
1999 3503 2093 3596 fit
2115 3553 2144 3568 -
2167 3527 2242 3577 ne
2265 3512 2572 3601 genxativ
2621 3509 2818 3578 mo'tus
2856 3534 2961 3581 noc
3000 3537 3075 3580 ne
3096 3561 3117 3595 ,
3164 3515 3302 3583 fiat..

378 3637 454 3684 ne
478 3621 545 3683 in
568 3615 814 3705 instanti
835 3665 858 3699 ,
912 3632 991 3685 ut
1028 3615 1366 3711 loquuntur
1389 3661 1413 3696 ‚
1481 3635 1563 3680 an
1597 3603 1948 3698 succffve.
2016 3605 2186 3693 Quis
2247 3629 2388 3678 non
2452 3603 2740 3698 agnoscit
2799 3606 2900 3677 hic
2969 3609 3300 3702 L0g0ma÷

381 3711 597 3782 chiam
636 3709 668 3781 :²
716 3713 834 3783 Per
877 3712 1366 3808 generationem
1403 3707 1777 3800 intelligunt
1806 3752 1832 3790 ‚
1886 3701 2065 3797 quod
2117 3700 2201 3778 fit
2251 3705 2467 3799 primo
2513 3725 2857 3776 momento
2895 3755 2919 3792 ‚
2981 3732 3115 3800 quo
3168 3706 3301 3782 for-
3396 3747 3401 3752 ·

376 3833 489 3879 ma
545 3810 746 3886 intrat
793 3811 858 3880 in
908 3810 1248 3881 materiam
1296 3833 1314 3877 ε
1371 3831 1569 3899 quare
1616 3800 1666 3873 si
1716 3822 1976 3894 tempus
2029 3803 2113 3875 ad
2165 3805 2654 3897 generationem
2691 3802 2938 3895 plantae
2992 3828 3075 3875 ex
3119 3805 3302 3877 semi.

377 3925 463 3978 ne
513 3908 799 4005 requiri,
860 3905 1134 3998 objicisz
1186 3906 1403 3983 dicent
1440 3953 1466 3990 ‚
1515 3902 1735 3980 omnia
1779 3924 1931 3992 quae
1974 3920 2277 3992 tempore
2319 3897 2484 3978 fiant
2505 3951 2529 3987 ‚
2578 3899 2698 3972 effe
2748 3903 3027 3994 praevias
3074 3904 3302 3978 altera.

377 4006 591 4076 tiones
650 4032 673 4084 3
734 4010 1223 4097 generationem
1276 4002 1470 4078 unico
1516 4016 1859 4080 momento
1897 3998 2141 4091 peragi.
2245 3997 2490 4070 Omnis
2540 3998 3080 4073 scholasticorum
3130 4003 3299 4096 Phy-

374 4098 505 4173 fiea
558 4103 656 4172 his
692 4103 878 4196 plena
921 4102 1011 4173 est
1050 4152 1074 4192 ,
1134 4097 1255 4173 nisi
1311 4097 1627 4174 existimes
1669 4095 1930 4185 majoris
1990 4097 2314 4178 momenti
2364 4094 2483 4168 effe
2509 4147 2531 4183 ‚
2585 4121 2877 4190 quaerere
2903 4150 2926 4185 ‚
2963 4104 3057 4172 'an
3090 4109 3303 4191 priva-

380 4207 460 4270 tio
488 4199 583 4288 sit
651 4207 1035 4294 principium
1084 4221 1103 4266 ε
1174 4224 1256 4270 an
1309 4203 1565 4272 materia
1599 4193 1690 4284 fit
1734 4213 1892 4284 pura
1931 4199 2205 4285 potentia
2275 4222 2296 4264 .-
2364 4195 2654 4294 quomodo
2695 4220 2772 4265 ex
2805 4206 3071 4286 potentia
3115 4217 3305 4271 mate-

385 4303 484 4365 ria
510 4299 720 4390 forma
777 4299 1076 4369 educatur
1119 4325 1138 4366 .·
1197 4293 1486 4394 quemodo
1539 4299 1604 4364 in
1640 4297 2006 4382 corruptione
2057 4298 2125 4361 in
2188 4292 2432 4365 eandem
2476 4299 2804 4384 potentiam
2865 4294 3088 4366 redeat.
3191 4299 3302 4362 'An

365 4392 585 4487 sormae
631 4396 1055 4467 elementorum
1095 4412 1381 4474 maneant
1418 4400 1484 4470 in
1521 4399 1734 4468 mixto.
1840 4393 1958 4483 ‚An
1997 4388 2325 4487 qualitates
2365 4391 2785 4468 elemmtorum
2799 4389 3142 4485 symbolick
3179 4387 3305 4477 dzf⁴

376 4490 582 4584 ferant
609 4492 819 4584 specie.
904 4497 1007 4564 An
1044 4509 1570 4579 temperamentum
1599 4485 1688 4576 fit
1744 4495 1963 4590 quinta
1997 4486 2270 4600 qualitcu·
2313 4487 2355 4556 ἆ
2399 4493 2614 4579 primis
2668 4484 2909 4580 diversa
2956 4483 3102 4566 &⁶-

562 4586 944 4689 Werenftlfii
988 4587 1305 4686 Opufiula.
1364 4590 1562 4674 Tom.
1590 4587 1705 4673 IL
2420 4584 2501 4674 Ὡ
2655 4625 2660 4628 -
2959 4569 3300 4649 Postremo
