4188 5670
981 335 1079 428 96
1665 325 2203 402 DrssnRT.
2293 311 2450 409 (De
2521 319 3326 404 Looonacnus

556 475 913 614 &fifh-mdc
1154 503 1338 578 Nolo
1398 503 1701 599 equidem
1751 507 1857 578 hic
1883 504 2076 578 nimis
2115 498 2237 575 effe
2284 499 2587 574 morosus
2634 528 2654 571 ε
2717 491 2769 570 si
2808 492 2962 590 qu‘ae
3013 521 3210 571 voces
3253 500 3294 570 ὲ
3361 492 3759 572 Scholasticis
3798 495 3895 572 inl

567 574 821 700 ,ema-J
853 645 909 697 ὴ,
957 621 1181 674 ventae
1239 602 1389 676 sunt
1467 600 1901 698 significantes
1933 655 1958 691 ‚
2015 605 2284 697 jamque
2320 596 2668 673 universali
2729 594 3137 668 eruditorum
3186 591 3494 674 consensu
3537 618 3822 692 receptae
3865 623 3885 666 ε

557 715 760 794 fiholis
785 723 882 780 ha·
957 699 1316 774 tolerentur
1365 703 1435 773 in
1480 698 1742 796 Repub.
1803 704 2080 775 literaria
2105 751 2132 789 ,
2195 697 2301 772 sed
2352 722 2434 771 ea
2485 699 2624 794 lege
2668 697 3027 769 tolerentur
3075 745 3100 784 ‚
3160 717 3240 770 ut
3280 692 3545 792 pacifice
3586 697 3827 783 vivant
3862 745 3889 783 ,

561 795 751 857 aenas
778 822 867 862 re·
957 798 1245 893 nihilque
1293 798 1644 873 turbarum
1694 803 2021 873 concitent
2060 828 2080 871 t
2132 795 2536 871 turbulentae
2593 818 2826 868 ornnes
2850 843 2873 878 ,
2926 792 3289 889 rixosaeque
3324 794 3684 886 ejiciantur.
3761 795 3894 867 Ne-

558 886 747 960 σφω·
960 921 1088 989 que
1142 896 1233 969 est
1264 949 1285 982 ,
1339 899 1521 992 quod
1572 899 1822 972 dicatur
1855 949 1879 986 ‚
1931 893 2051 971 effe
2101 897 2238 969 illas
2285 920 2679 991 magnarum
2707 892 3162 966 circuitionum
3190 893 3629 986 compendia:
3698 891 3895 965 satius

960 987 1136 1066 enim
1179 996 1270 1067 est
1295 1047 1318 1082 ,
1362 998 1694 1090 aliquanto
1748 994 2048 1091 pluribus
2085 993 2305 1068 verbis
2381 997 2594 1068 dicere
2631 1045 2655 1080 ,
2708 990 2889 1086 quod
2943 990 3136 1062 multi
3181 991 3545 1084 intelligant
3593 1042 3620 1078 ‚
3693 1016 3895 1086 quam

959 1083 1400 1186 paucioribus‘
1423 1143 1447 1179 ,
1498 1095 1684 1188 quod
1725 1091 2089 1189 paueiffimi
2128 1095 2383 1187 capiant
2416 1121 2437 1164 ε
2500 1092 2694 1165 satius
2731 1142 2756 1178 ‚
2804 1090 3033 1160 decem
3077 1091 3177 1161 uti
3227 1088 3444 1165 verbis
3480 1142 3507 1179 ‚
3575 1114 3732 1183 quae
3792 1115 3899 1162 exa

958 1190 1303 1283 plicatione
1361 1217 1498 1265 non
1556 1193 1850 1287 indigent
1871 1244 1920 1282 ,,
1954 1215 2153 1289 quam
2240 1191 2506 1265 duobus
2566 1186 2858 1262 tribusve
2882 1237 2906 1272 ‚
2966 1185 3074 1258 sed
3135 1213 3289 1283 quae
3346 1189 3463 1261 vix
3525 1188 3701 1261 mille
3764 1189 3897 1261 aliis

955 1289 1260 1381 explicari
1310 1288 1588 1383 possunt.
1723 1295 1953 1379 Qam
2005 1291 2273 1386 egregiis
2341 1317 2504 1364 vero
2562 1285 2961 1382 compendiis
3016 1286 3384 1362 scholastici
3426 1285 3669 1360 fuerint
3730 1278 3835 1358 usi
3868 1337 3894 1375 ‚

960 1390 1357 1479 experientia
1406 1389 1650 1459 docuit.
1751 1391 2190 1461 Inveniuntur
2245 1390 2440 1461 hodie
2471 1387 2885 1481 Philosophi,
2918 1387 3030 1479 qui
3052 1384 3223 1457 libro
3266 1411 3405 1459 non
3449 1408 3713 1480 magnae
3758 1411 3895 1458 mo-

961 1484 1036 1556 lis
1074 1485 1266 1580 longe
1313 1488 1499 1579 plura
1551 1488 1779 1559 dicunt
1811 1537 1836 1574 ,
1888 1484 2024 1560 fine
2069 1486 2199 1560 istis
2254 1486 2657 1582 cmnpendiis
2683 1537 2707 1573 ,
2735 1493 2937 1581 quam
2994 1509 3222 1559 omnes
3255 1481 3448 1559 fimul
3494 1486 3563 1557 in
3601 1502 3710 1557 tot
3748 1509 3894 1579 por·
3975 1513 3989 1522 ·

964 1580 1235 1656 tentofis
1280 1583 1756 1658 voluminibus.
3724 1623 3729 1626 ·

570 1783 899 1880 Οτρᾱτξῐῆξ*
1155 1781 1246 1851 At
1271 1782 1446 1853 enim
1469 1833 1492 1869 ,
1523 1787 1614 1858 ais
1631 1837 1655 1873 ,
1679 1784 1841 1858 utile
1867 1786 2143 1881 quidem
2163 1835 2187 1872 ,
2214 1780 2427 1855 fateor
2445 1833 2472 1870 ,
2510 1784 2637 1855 hoc
2659 1781 2750 1854 est
2765 1834 2790 1870 ‚
2819 1782 3005 1878 quod
3027 1776 3395 1878 praescribis
3421 1834 3447 1872 ‚
3477 1780 3896 1869 remediumi

569 1861 889 1936 „hyemant-
966 1875 1074 1951 std
1126 1874 1388 1951 difficile
1415 1909 1443 1962 2·
1493 1886 1635 1976 quis
1657 1887 1828 1958 hanc
1852 1936 1876 1971 ,
1934 1910 2137 1979 quam
2191 1880 2413 1954 suades
2437 1933 2462 1968 ‚
2511 1884 2975 1975 purgationem
3018 1907 3264 1955 vocum
3312 1886 3379 1954 &
3427 1883 3893 1967 terminorum,

581 1950 684 2008 ω’*
696 1984 714 2003 ·
966 1997 1044 2048 ut
1089 1997 1335 2050 vocant
1358 2028 1382 2063 ,
1420 1979 1766 2056 instituet?
1825 1985 2011 2055 citius
2069 1982 2336 2059 Herculi
2383 1980 2638 2053 clavam
2685 1980 2871 2053 suam
2911 1981 3252 2054 extorseris
3296 2031 3321 2069 ,
3373 2005 3578 2079 quam
3623 1981 3894 2054 Thorni-

964 2073 1070 2148 stis
1121 2077 1187 2148 &
1241 2076 1521 2152 Scotistis
1570 2079 1714 2154 suas
1763 2082 2015 2174 delicias
2069 2109 2090 2154 ε

543 2274 559 2330 ἐ
582 2315 641 2374 Η
644 2331 704 2371 or
705 2325 783 2371 ω.
803 2305 823 2365 1
823 2324 922 2373 a,
1265 2241 1274 2251 .
1437 2279 1585 2348 Aut
1629 2286 1780 2379 quia
1824 2278 1921 2351 nil
1967 2282 2200 2354 rec‘i'um
2228 2333 2252 2370 ,
2301 2280 2420 2370 nist
2457 2281 2631 2379 quod
2666 2282 2901 2376 placuit
2915 2277 3043 2370 fibi
3070 2331 3095 2367 ,
3124 2280 3362 2353 ducunt
3382 2307 3410 2361 2·
3528 2281 3533 2286 ’

618 2399 726 2476 Ep.
752 2410 802 2452 1.
935 2452 939 2456 ⁴
1440 2376 1550 2449 Vel
1593 2387 1750 2476 quia,
1796 2396 1972 2468 turpe
2031 2398 2261 2472 putant
2299 2405 2512 2471 parere
2556 2379 2878 2452 minoribus
2901 2430 2925 2466 ‚
2990 2376 3082 2464 &³
3127 2403 3265 2479 quae

1432 2472 1733 2548 Imberbes
1780 2474 2042 2548 didicere
2063 2525 2088 2565 ‚
2122 2477 2293 2568 senes
2328 2477 2632 2578 perdenda
2676 2480 2895 2573 fizteri·

1167 2672 1387 2744 Faciat
1425 2670 1529 2743 hic
1566 2686 1792 2744 tamen
1843 2672 2120 2767 quilibet
2147 2725 2171 2762 ,
2226 2696 2551 2769 quantum
2609 2679 2677 2747 in
2721 2659 2921 2748 le‘cst.
3007 2670 3342 2748 Abstineat
3377 2667 3513 2769 ipse
3548 2674 3617 2763 in
3656 2670 3897 2745 docenss

889 2773 906 2792 ‘
954 2769 1063 2842 'do
1108 2772 1146 2841 ὲ
1195 2765 1552 2865 caliginosis
1591 2767 1718 2842 istis
1744 2770 2017 2846 vocibus
2075 2801 2094 2844 z
2150 2773 2469 2848 monstret
2500 2776 2803 2870 exemplo
2833 2774 2948 2847 suo
2974 2825 2999 2862 ,
3036 2773 3393 2847 commode
3412 2770 3898 2865 Philosophiam

916 2867 1093 2937 .·illis
1125 2892 1338 2940 carere
1388 2866 1606 2962 posse:
1673 2872 1954 2944 inculcet
1997 2874 2173 2945 idem
2224 2872 2543 2968 discipulis
2589 2871 2724 2955 {fi
2776 2876 2927 2949 talia
2972 2871 3300 2945 vocabula
3346 2868 3477 2965 ipsi
3508 2895 3913 2964 proponaris

915 2968 928 2987 ⁸
982 2983 1093 3034 tur
1120 3013 1146 3050 ‚
1195 2990 1333 3039 non
1373 2963 1708 3039 erubescat
1759 2967 2000 3058 fateri,
2046 2970 2110 3041 se
2171 2996 2246 3043 ea
2308 2997 2446 3044 non
2516 2972 2917 3064 intelligere,
2979 2994 3112 3040 nec:
3150 2992 3340 3063 turpe
3385 2973 3640 3063 ducat>
3693 2971 3899 3044 inter-

895 3070 914 3150 {
949 3062 1410 3155 ⁴‘pretationem
1472 3086 1703 3134 eorum
1746 3084 1965 3158 petere
2012 3094 2031 3137 ε
2083 3092 2401 3161 cogentur
2463 3071 2555 3140 ita
2606 3070 2758 3155 alii,
2810 3065 2861 3138 fi
2895 3067 3163 3159 intelligi
3214 3069 3435 3141 velint.
3462 3121 3489 3156 ‚
3534 3104 3545 3141 κ
3561 3066 3899 3161 perspicue

888 3152 899 3179 ⁴
945 3159 1177 3253 ioqui.
1260 3164 1415 3249 Qua
1468 3161 1731 3257 quidem
1770 3164 1839 3233 in
1882 3188 1951 3235 re
1999 3191 2136 3238 non
2207 3167 2724 3240 contemnendos
2799 3167 2976 3238 desti
3023 3165 3319 3238 homines
3370 3169 3439 3239 in
3473 3165 3903 3239 -hoc.seculo

970 3254 1330 3352 'progr-effus
1383 3256 1724 3340 fecerunt3
1783 3262 2125 3356 incipimus
2178 3261 2432 3349 sensum
2478 3266 2546 3336 in
2592 3262 2900 3338 omnibus
2942 3259 3161 3338 verbis
3212 3290 3506 3359 quaerere
3539 3294 3585 3346 ·,·
3654 3262 3905 3335 defini-

968 3377 1119 3427 mus
1156 3354 1365 3430 verba
1395 3382 1550 3430 non
1599 3359 1925 3434 intellecta
1983 3363 2341 3444 admirari3
2392 3386 2606 3457 neque
2649 3366 2869 3458 palam
2915 3360 3210 3456 profiteri
3274 3365 3474 3458 pudet
3496 3411 3521 3448 ‚
3574 3384 3699 3433 nos
3772 3356 3909 3436 ,has

968 3471 1085 3524 aut
1135 3453 1269 3526 illas
1319 3481 1513 3529 voces
1539 3482 1674 3529 non
1720 3460 2073 3552 intelligere
2104 3513 2127 3548 ,
2171 3487 2326 3555 quae
2373 3486 2459 3533 an
2511 3460 2597 3534 ab
2640 3464 2719 3532 iis
2745 3513 2768 3549 ,
2826 3466 2942 3554 qui
2973 3462 3099 3532 illis
3139 3479 3414 3535 utuntur
3447 3511 3470 3548 ‚
3513 3456 3659 3531 satis
3700 3458 3905 3537 intel-

708 3590 726 3618 ς
781 3634 786 3643 ‚
911 3634 916 3639 .
971 3550 1251 3644 ligantur
1286 3603 1310 3640 ‚
1367 3553 1765 3629 dubitamus.
1898 3560 2268 3652 Philosophi
2320 3561 2465 3651 jam·
2511 3561 2708 3631 hodie
2750 3561 3055 3630 dicuntur
3079 3609 3102 3643 ,
3144 3561 3257 3652 qui
3304 3562 3452 3632 sunt
3506 3559 3907 3647 interpretes

911 3706 917 3712 .
970 3649 1265 3735 veritatis
1295 3702 1319 3738 ,
1378 3654 1759 3748 interpretes
1807 3673 2063 3728 naturae
2103 3683 2120 3725 ε
2187 3682 2324 3727 non
2353 3658 2526 3750 puri.
2560 3658 2704 3746 puti
2752 3659 3133 3748 interpretes
3164 3656 3545 3739 verborum
3616 3655 3702 3729 Et
3741 3655 3908 3729 sane

896 3765 933 3846 ςζ
968 3741 1025 3816 fi
1066 3749 1150 3829 in
1191 3750 1319 3823 hoc
1379 3769 1646 3823 tantum
1696 3749 2064 3842 Philosophi
2115 3754 2152 3823 a
2190 3755 2397 3847 vulgo
2472 3753 3019 3845 distinguerentur
3063 3781 3087 3833 3
3144 3779 3282 3828 non
3327 3755 3606 3829 deessent
3644 3753 3861 3829 hodie
3886 3799 3909 3827 ³

909 3845 1085 3938 qui
1133 3850 1402 3921 mallent
1428 3851 1697 3942 vulgo„
1752 3871 1952 3942 quam
2026 3851 2291 3935 eruditis
2344 3851 2778 3931 annumerari.
3237 3874 3245 3881 ·

582 4013 909 4177 mxx
1109 4123 1114 4128 ,
1173 4043 1581 4134 Magnopere
1621 4042 1779 4114 illud
1819 4069 2084 4139 quoque
2136 4066 2304 4119 artes
2357 4050 2423 4121 ἃ
2468 4047 2756 4123 scientias
2819 4049 2857 4121 ὲ
2898 4051 3353 4148 Logomachiis
3419 4044 3735 4146 purgabit
3774 4103 3801 4138 ‚
3848 4050 3920 4141 fi

567 4147 572 4152 ’
593 4154 706 4244 nn
735 4154 736 4157 ’
971 4137 1379 4228 controversa
1427 4138 1518 4226 ἓξ
1544 4163 1757 4237 pugna
1798 4169 1938 4214 cum
1973 4143 2300 4219 hominibus
2330 4197 2353 4232 ,
2384 4169 2712 4221 mutantur
2735 4202 2759 4237 ‚
2831 4168 3094 4225 uantum
3119 4159 3268 4248 fieri
3299 4156 3477 4240 potest
3499 4202 3524 4237 ‚
3570 4157 3635 4219 in
3651 4172 3749 4238 pu
3793 4177 3921 4221 nar

974 4262 1118 4312 cum
1144 4236 1476 4325 sententiis.
1563 4242 1902 4327 Qamdiu
1943 4264 2088 4313 non
2158 4246 2452 4318 homines
2477 4298 2504 4335 ‚
2557 4273 2697 4319 non
2739 4174 2941 4320 ligros
2964 4299 2986 4334 ‚
3044 4276 3182 4322 non
3241 4251 3437 4321 sectas
3471 4297 3495 4332 ,
3570 4246 3677 4316 sed
3820 4247 3920 4319 lsa

977 4337 1293 4429 dogmata
1330 4333 1691 4410 refutamus
1732 4368 1753 4419 3
1803 4336 1947 4410 fieri
2002 4341 2119 4411 vix
2164 4346 2410 4436 poterit
2433 4395 2458 4432 ‚
2511 4367 2587 4417 ut
2629 4349 2696 4417 in
2736 4348 3247 4438 Logomachiam
3282 4347 3645 4417 incidamus
3690 4369 3711 4412 ε
3782 4346 3926 4419 do-

1025 4457 1132 4505 ma
1181 4433 1357 4504 enim
1387 4484 1412 4520 ‚
1457 4438 1639 4529 quod
1674 4437 2033 4510 refutamus
2065 4489 2089 4525 ,
2158 4442 2520 4535 plerunque
2560 4467 2787 4515 revera
2816 4466 2971 4513 cum
3023 4446 3239 4517 nostra
3279 4444 3591 4515 sententia
3632 4466 3923 4545 pugpa.

1030 4532 1095 4602 ἐ.
1171 4530 1295 4604 Sed
1316 4527 1370 4601 fi
1393 4581 1419 4619 ‚
1440 4534 1622 4628 quod
1641 4534 1999 4608 refutamus
2028 4586 2051 4620 ‚
2077 4538 2319 4631 dogma
2339 4541 2591 4610 homini
2609 4590 2633 4626 ,
2656 4537 2853 4626 libro,
2886 4558 3002 4612 aut
3030 4538 3222 4619 sedtae
3245 4540 3635 4625 tribuimusff
3665 4540 3717 4615 fi
3748 4572 3927 4621 non

965 4646 1119 4709 tam
1157 4629 1422 4726 ,dogma
1463 4629 1824 4714 refutamus
1858 4684 1884 4725 ‚
1950 4657 2156 4729 quam
2204 4636 2505 4715 homines
2552 4656 2820 4734 propter
2871 4638 3162 4735 dogma:
3206 4641 3289 4723 fit
3331 4637 3674 4737 saepiffime
3711 4692 3742 4731 ,
3829 4668 3932 4721 ut

1855 4806 1861 4811 .
3732 4768 3932 4820 cum
