4188 5670
931 378 1101 455 5140
1834 331 3213 428 De‘meBu-s'Muunt

1079 583 1086 588 ,
1135 500 1303 606 phil.
1377 502 1608 598 Itaque
1648 497 1700 574 fi
1727 483 2175 598 imaginationi
2198 515 2341 573 tuae
2380 493 2674 596 indung
2699 545 2723 586 ,
2751 496 2834 570 ad
2869 496 3063 591 quod,
3086 479 3353 592 quidem
3377 487 3608 571 omnes
3624 477 3722 564 'ab
3749 490 3859 567 iti-¹

951 601 1162 674 santia
1184 600 1404 671 sumus
1424 596 1723 695 propeufi
1746 647 1769 684 ‚
1806 597 2092 673 mundus
2126 597 2201 668 in
2256 618 2378 669 tuo
2424 615 2746 691 conceptu
2796 615 3081 668 aeternus
3107 593 3238 685 est,
3264 597 3418 691 quia
3443 593 3703 666 nullum
3728 592 3857 663 ini-

933 700 1130 775 sdum
1161 697 1442 791 concipis
1468 748 1494 786 ‚
1517 716 1670 770 ante
1697 696 1877 789 quod
1898 720 2037 768 non
2065 693 2344 789 spatium
2365 695 2625 790 aliquod
2648 696 3011 863 imlffiineris
3038 744 3063 781 ‚
3089 692 3155 765 id
3176 693 3293 782 est,
3320 691 3665 766 mundum.
3688 692 3857 785 Jam

928 796 1158 888 -igitur
1193 794 1379 865 vider
1405 844 1429 881 ‚
1477 796 1710 867 eodem
1746 795 1990 879 modo,
2016 816 2154 886 quo
2201 810 2275 863 tu
2314 794 2642 865 mundum
2694 794 2718 864 i
2814 793 3028 863 nitum
3066 788 3349 885 probare
3399 789 3687 877 conaris,
3738 814 3855 861 me

955 913 1284 964 aeternum
1324 888 1446 963 effe
1495 894 1792 964 *evincere
1814 942 1840 978 ,
1891 890 2116 963 saltem
2163 890 2235 961 in
2289 888 2506 963 nostra
2544 890 3007 984 imaginatione
3030 939 3053 976 ‚
3096 885 3233 961 five
3257 940 3282 977 ,
3326 909 3406 960 ut
3447 907 3670 960 tecum
3699 887 3857 959 haeo

927 986 1358 1061 masnadam
1386 1039 1413 1074 ,
1454 989 1523 1060 in
1569 987 1788 1062 nostro
1839 1005 2179 1081 conceptu.
2316 987 2598 1061 Attende
2642 988 2819 1059 enim
2877 992 3080 1078 quam
3143 986 3289 1059 haec
3339 986 3507 1058 inter
3575 983 3641 1056 se
3717 981 3859 1057 sint

925 1082 1204 1158 similia.
1302 1085 1414 1157 Tu
1439 1083 1661 1159 solims
1694 1110 1760 1157 es
1789 1083 1876 1157 ab
1912 1084 2182 1157 infantia
2219 1084 2373 1156 illud
2399 1085 2601 1174 nihil,
2651 1083 2831 1179 quod
2870 1083 2997 1156 fuit
3032 1099 3185 1155 ante
3245 1082 3576 1156 mundum
3596 1083 3636 1168 ⁸,
3684 1085 3860 1157 ima-

925 1183 1186 1276 ginari,
1219 1200 1296 1254 ut
1340 1182 1727 1256 immensum
1767 1183 2030 1277 aliquod
2076 1181 2355 1276 spatium
2390 1233 2415 1270 ,
2452 1183 2753 1276 idemque
2803 1182 2965 1254 adeo
2996 1206 3172 1253 nunc
3203 1180 3550 1274 aliquando
3587 1181 3857 1255 accidit.

927 1280 1138 1352 -Idem
1177 1274 1334 1354 mihi
1378 1282 1566 1373 plane
1604 1282 1860 1369 evenit,
1910 1304 2066 1351 cum
2109 1280 2190 1350 de
2236 1280 2436 1351 nihilo
2475 1301 2656 1355 extra
2694 1281 3018 1352 mundum
3055 1280 3293 1373 cogite.
3372 1279 3492 1351 Illa
3531 1278 3859 1372 imagina-

927 1378 1054 1451 tio
1097 1374 1249 1449 falsa
1285 1375 1376 1448 est
1396 1428 1421 1464 ,
1455 1381 1521 1449 &
1552 1404 1636 1451 ex
1680 1379 2040 1451 inveterato
2071 1401 2289 1450 errore
2331 1398 2474 1450 orta
2505 1399 2525 1460 3
2561 1378 2718 1449 illud
2762 1375 2919 1449 nihil
2962 1377 3261 1450 videlicet
3308 1373 3429 1447 effe
3471 1373 3861 1467 spatiosum.

929 1475 1139 1548 Jdem
1179 1475 1265 1544 de
1302 1475 1421 1547 hac
1464 1477 1923 1569 imaginatione
1967 1475 2134 1548 dico·
2250 1474 2415 1547 Non
2452 1474 2569 1569 seq·
2605 1474 2762 1561 kur,
2797 1475 3136 1568 imaginari
3189 1498 3326 1545 non
3361 1468 3617 1566 poffum
3640 1517 3660 1544 ,
3684 1475 3856 1546 nihil

929 1589 1110 1644 ‚ante
1157 1571 1482 1643 mundum
1548 1567 1773 1664 fiiiffej
1824 1598 1978 1665 ergo
2016 1572 2299 1644 mundus
2353 1572 2697 1645 duratione
2747 1568 3121 1645 indefinitus
3165 1569 3272 1642 est.
3379 1571 3624 1643 Pariter
3672 1597 3855 1667 nego

931 1666 1160 1761 sequi,
1202 1668 1540 1762 imaginari
1599 1695 1734 1742 non
1772 1668 2052 1764 postium,
2103 1669 2261 1742 nihil
2313 1668 2433 1744 effe
2480 1690 2665 1742 extra
2700 1668 3025 1742 mundum
3052 1700 3079 1753 ,-
3127 1693 3284 1762 ergo
3332 1669 3628 1740 mundus
3663 1671 3858 1742 inde-

955 1762 1182 1838 finitus
1226 1764 1318 1836 est
1350 1764 1746 1840 extensione·
1842 1767 2037 1844 Nihil.
2076 1762 2256 1839 fuiffe
2324 1788 2475 1841 ante
2526 1768 2913 1863 principium
2959 1764 3325 1840 Mosaicum
3360 1818 3387 1854 ,
3437 1791 3858 1861 quamquam

935 1863 1304 2032 iignfiginazi
1350 1887 1745 1958 nequeamus
1768 1915 1790 1951 ‚
1825 1867 2165 1958 concipere
2224 1885 2445 1938 tamen
2483 1863 2834 1959 po'ffumus.
2935 1867 3040 1938 Ita
3068 1917 3089 1953 ,
3127 1866 3274 1937 licet
3319 1866 3661 1959 imaginari
3702 1891 3857 1941 non

953 1985 1001 2053 p
1102 1983 1217 2044 im,
1264 1962 1421 2031 nihil
1460 1960 1583 2039 effe
1615 1984 1798 2034 extra
1840 1963 2164 2037 mundum
2187 2013 2211 2050 ,
2264 1966 2599 2057 concipere
2646 1984 2871 2040 tamen
2910 1962 3193 2056 poffum-
3432 1961 3443 1970 ⁴
3642 1984 3669 1995 ·’

931 2095 938 2122 1
1010 2069 1016 2074 ·
1148 2059 1271 2129 Pol.
1337 2059 1570 2130 Fateor
1617 2060 1899 2151 denique
1945 2086 2081 2134 non
2129 2086 2488 2156 repugnare
2542 2112 2569 2148 ,
2604 2059 2653 2132 fi
2692 2061 3019 2134 mundum
3068 2059 3333 2134 finitum
3360 2065 3365 2070 ’
3395 2061 3805 2155 concipimus
3825 2089 3854 2146 ‚-

956 2154 1161 2226 modo
1215 2154 1302 2224 ad
1349 2155 1822 2228 diffinitionem
1866 2159 2344 2252 imaginationis
2404 2163 2468 2231 ἀ
2529 2180 2881 2254 conceptus
2935 2162 3081 2254 puri
3143 2158 3352 2329 pff
3413 2159 3853 2234 attendamus.

933 2249 1135 2324 -Istud
1179 2271 1398 2321 tamen
1444 2275 1578 2323 non
1615 2250 1852 2350 sufficit
1873 2305 1898 2342 ,
1936 2276 2015 2327 ut
2041 2253 2310 2327 finitum
2358 2253 2476 2326 elie
2524 2256 2736 2329 dicam
2790 2308 2815 2344 ‚
2858 2255 2975 2329 nifi
3019 2260 3086 2330 id
3131 2258 3174 2329 d
3254 2258 3680 2332 'onstratione
3741 2260 3858 2331 ali-

933 2371 1094 2439 .qua
1141 2349 1428 2419 evidenti
1464 2350 1797 2441 probetur.
1885 2352 2068 2423 Nihil
2107 2355 2283 2423 enim
2337 2353 2549 2424 adhuc
2585 2354 2848 2446 quidem
2881 2352 3209 2428 affirmare
3255 2381 3455 2448 queo,
3494 2354 3615 2429 nifi
3655 2381 3856 2432 mun-

867 2487 878 2516 ·.
931 2447 1121 2517 .dum
1160 2442 1425 2516 finitum
1479 2444 1597 2519 effe
1692 2444 1815 2518 osse
1844 2474 1865 2526 ;
1897 2445 2060 2519 fitne
2096 2470 2318 2521 autem
2365 2447 2589 2520 finitus
2630 2477 2715 2522 an
2746 2450 3039 2525 infinitus
3064 2506 3088 2540 ,
3136 2455 3325 2546 plane
3371 2454 3629 2529 nescio:
3660 2445 3859 2551 quip-

932 2565 1040 2637 ‹pe
1090 2567 1481 2636 magnopere
1517 2544 1628 2615 illu
1703 2546 1954 2617 Luculli
1993 2547 2167 2638 apud
2212 2549 2593 2619 Ciceronem
2634 2551 2703 2619 in
2725 2550 3120 2628 Academicis
3150 2550 3368 2644 probo
3407 2582 3427 2622 .·
3486 2561 3873 2646 Sapientem2

936 2665 1099 2714 vum
1146 2646 1198 2711 ei
1241 2665 1333 2712 res
1385 2660 1713 2714 occurrunt
1740 2691 1764 2729 ,
1819 2667 1976 2740 quas
2033 2669 2151 2714 non
2187 2645 2404 2716 babeat
2446 2644 2759 2718 denotatas
2784 2698 2808 2734 ‚
2859 2666 3238 2722 retenturum
3270 2648 3560 2746 affinsum
3586 2649 3623 2737 ,'
3659 2678 3701 2722 n
3776 2677 3859 2724 ue

957 2761 1234 2837 unquam
1289 2738 1406 2810 ulli
1447 2740 1575 2830 visi)
1624 2738 2015 2835 affinsurmm
2056 2740 2178 2829 nisi
2218 2741 2383 2842 quod
2414 2743 2541 2813 tale
2567 2745 2774 2838 fuerit
2786 2797 2807 2831 ,
2852 2746 3032 2845 quale
3052 2746 3292 2844 falsum
3338 2747 3449 2842 effi}
3488 2775 3602 2822 non
3647 2771 3719 2843 po
3774 2767 3879 2821 tt:

1151 2834 1306 2907 Phil.
1355 2838 1466 2909 Tu
1505 2863 1664 2911 vero
1713 2841 1994 2931 prudens
2029 2841 2392 2913 admodum
2446 2844 2511 2912 ἃ
2576 2843 3068 2939 circumspetstus
3125 2869 3191 2918 es
3241 2847 3533 2920 veritatis
3585 2849 3858 2943 indaga-

961 2950 1067 3004 tor
1093 2981 1117 3017 ,
1161 2933 1341 3022 quod
1378 2952 1657 3005 tantum-
1690 2934 1869 3016 abest
1912 2958 1988 3006 ut
2034 2937 2407 3031 improbem
2458 2988 2483 3024 ‚
2540 2959 2617 3010 ut
2664 2943 2860 3012 etiam
2908 2945 3037 3015 hoc
3072 2942 3191 3015 abs
3245 2963 3312 3014 te
3351 2944 3657 3039 flagitem.
3774 2946 3865 3019 E-

887 3076 890 3083 <
935 3029 1231 3120 :quidem
1269 3051 1521 3118 paratas
1568 3029 1784 3101 habeo
1817 3025 2399 3105 demonstrationes
2424 3085 2445 3118 ,
2480 3033 2625 3104 satis
2681 3038 2947 3128 quidem
2995 3040 3131 3112 illas
3176 3038 3546 3115 evidentes,
3591 3040 3640 3114 fi
3693 3044 3886 3135 quid·

951 3128 1045 3200 de
1097 3124 1325 3197 nostris
1362 3126 1646 3217 judicare
1692 3123 2022 3219 poffumus
2045 3178 2069 3212 ,
2113 3127 2215 3199 sed
2264 3131 2420 3200 nolo
2460 3130 2536 3200 iis
2584 3136 3017 3207 attentionem
3074 3138 3350 3210 vestram
3375 3192 3399 3228 ,
3442 3138 3696 3213 fortaffe
3715 3142 3868 3233 jam

961 3223 1113 3296 fictis
1167 3220 1483 3317 superque
1530 3222 1945 3317 defatigatam
1968 3275 1990 3311 ‚
2022 3225 2268 3297 diutius
2311 3250 2627 3299 exercere.
2698 3232 2990 3324 Oportet
3017 3237 3192 3307 enim
3225 3236 3509 3332 defigere*
3530 3238 3865 3325 animum,

821 3360 826 3367 .
855 3360 866 3367 .
948 3320 1059 3512 J&
1097 3321 1397 3518 igmeden
1445 3332 1510 3395 in
1558 3348 1628 3393 ea
1660 3347 1796 3422 quae
1833 3322 2137 3417 perspicua
2161 3323 2345 3414 sunt,
2397 3344 2475 3397 ut
2496 3375 2521 3413 ‚
2564 3347 2798 3425 quanta
2848 3331 2980 3405 luce
3026 3358 3095 3405 ea
3136 3337 3500 3433 circumfafh
3518 3334 3658 3425 fin!
3676 3385 3702 3419 ‚
3720 3336 3870 3428 pos:

985 3438 1041 3491 tt
1083 3450 1121 3491 a
1256 3447 1330 3491 ct.
3596 3434 3605 3445 ‘

1003 3520 1036 3583 ³:
1153 3517 1332 3590 Daed.
1387 3521 1685 3608 Quin-tu
1731 3521 1952 3612 potius
2003 3546 2244 3616 perge,
2301 3542 2379 3595 ut
2406 3521 2689 3617 coepisti,
2743 3524 3114 3600 philalethes
3137 3556 3164 3611 ‚-
3213 3552 3334 3601 nos
3346 3577 3371 3614 ,
3437 3528 3657 3624 quoad
3715 3526 3876 3604 fieri

962 3613 1240 3706 potest,⁸
1269 3617 1436 3688 vires
1481 3618 1928 3705 reoolligemus
1964 3622 2523 3711 attentionemque
2563 3621 3047 3695 renovabimus.
3412 3626 3419 3637 '

1154 3712 1307 3783 Phil.
1370 3714 1702 3804 Siquidem
1739 3713 1830 3782 ita
1875 3715 2089 3785 vultis.
2175 3717 2377 3789 Nunc
2404 3718 2597 3809 igitur
2623 3718 2918 3790 animum
2967 3723 3326 3813 advertite,
3363 3726 3428 3796 &
3460 3774 3485 3810 ‚
3540 3742 3618 3795 ut
3656 3730 3884 3822 magis

963 3803 1183 3901 pateat
1220 3808 1848 3881 demonstrationum
1888 3833 2187 3882 mearum
2223 3815 2362 3899 vis,
2415 3829 2663 3904 quanto
2716 3816 2977 3907 potestis
3024 3835 3245 3913 ‘opere
3282 3822 3605 3895 mundum
3634 3820 3887 3903 ‘infini-

963 3905 1182 4068 ”inim
1209 3902 1360 4052 ⁴2effe
1405 3901 1746 3976 defendite.
1818 3905 1940 3979 Te.
1987 3912 2276 3997 primum
2295 3918 2341 3995 ‚'
2368 3909 2785 4001 Polymathes
2815 3963 2839 4000 ,
2890 3940 3055 4012 rogo
3089 3967 3112 4004 ,
3171 3919 3455 3991 mundus
3519 3917 3692 3990 estne
3759 3948 3888 3995 ex.

959 4015 1073 4069 ten
1101 4016 1223 4072 us'.
3282 4038 3289 4045 ·

983 4118 998 4159 ι
1154 4098 1278 4168 Pol.
1328 4092 1644 4168 Extensus
1692 4089 1760 4174 iu
1807 4097 2164 4173 infinitum.

1152 4192 1305 4309 ΡζτὶΙ.
1377 4191 1601 4309 Habet
1643 4199 1855 4313 igitur¹
1875 4219 2087 4293 partes
2144 4216 2327 4275 extra
2370 4223 2605 4297 partes.
2692 4205 2818 4285 Sed
2862 4207 2965 4279 dic
3018 4209 3212 4297 mihi,
3266 4208 3497 4283 suntne
3528 4216 3660 4289 illae
3717 4246 3890 4315 par-

964 4313 1059 4367 tes
1113 4289 1324 4367 finitae
1375 4316 1461 4364 an
1519 4294 1799 4371 infinitae
1840 4301 1872 4367 e

1155 4390 1331 4463 Daed.
1392 4383 1578 4479 Qid
1617 4393 1668 4467 si
1710 4392 1998 4470 infinitas
2049 4386 2262 4469 dicam
2307 4401 2352 4471 ?
2585 4449 2589 4453 ·

991 4536 1008 4559 .
1051 4518 1056 4523 ·
1105 4544 1116 4552 .
1154 4488 1279 4563 Pol.
1341 4488 1414 4560 si
1467 4489 1549 4567 de
1589 4489 1850 4588 lingulis
1886 4494 2169 4586 loqueris
2210 4540 2230 4571 ‚
2276 4490 2503 4566 falsum
2548 4495 2654 4566 est.
2728 4494 2829 4566 Ita
2874 4499 3048 4571 enim
3102 4519 3315 4596 partes
3338 4507 3617 4598 aequales
3664 4509 3902 4588 habe.
4154 4576 4155 4579 ,

962 4608 1178 4723 temus
1213 4586 1384 4677 toti,
1416 4585 1603 4681 plura
1646 4589 1902 4666 infinita
1927 4640 1951 4678 ‚
2000 4586 2336 4664 infinitum
2370 4588 2630 4665 infinito
2687 4592 2918 4687 majus.
3072 4600 3174 4674 Ita
3210 4598 3474 4676 infinito
3504 4604 3901 4785 aliquigdfiuiin
3976 4725 3981 4728 .
