4188 5670
1182 449 2556 545 ,ΕΡιοιιιΜΜΔῐυΜῑ
3179 492 3343 571 545

1720 628 2010 711 CXC.

1310 815 1520 908 Mag
1488 796 1656 905 stro
1694 796 1829 883 boc
1848 803 2107 908 gradu
2163 801 2413 911 dtgno.

515 979 685 1090 Qi
723 972 962 1059 datur
1004 974 1515 1071 innumeris,
1580 976 1912 1058 titulum
1964 1005 2069 1059 ne
2121 975 2409 1086 sperne
2448 978 2842 1091 Magistri.

834 1099 1055 1178 Nam
1102 1092 1337 1180 datur
1397 1090 1563 1176 hoc
1598 1097 1942 1204 paucis,
2011 1121 2183 1206 quo
2238 1096 2387 1179 tibi
2435 1099 2656 1204 jure,
2724 1098 2990 1185 datur.

1687 1265 1753 1341 C
1773 1264 1849 1343 X
1879 1265 1949 1346 C
1977 1266 2031 1341 Ι.

1484 1425 1826 1532 Magssro
1848 1424 2226 1534 parvulo„

497 1585 944 1671 candiduli
982 1584 1377 1697 aspiciens
1410 1614 1706 1698 corpus
1738 1644 1762 1680 ,
1826 1580 2230 1673 mirabere
2283 1587 2545 1675 forsan
2573 1649 2607 1689 ,

760 1705 1159 1787 Infantem
1212 1707 1538 1817 grandis
1588 1709 1918 1815 praernia
1949 1703 2156 1791 ferre
2197 1707 2402 1790 Viri.

489 1828 603 1907 At
655 1851 760 1908 ne
800 1821 1298 1918 mensuram,
1374 1825 1833 1906 dostrinam
1873 1849 2110 1903 cerne
2134 1851 2166 1920 3
2231 1825 2718 1934 Magistrum

753 1945 1199 2025 Procerum
1257 1967 1549 2054 corpus
1608 1946 1785 2025 non'
1820 1942 2009 2023 facit
2044 1992 2071 2024 ‚
2142 1937 2276 2023 illa
2308 1941 2522 2025 facit.

1606 2107 2026 2209 oxon.

1440 2273 1784 2382 Magistro
1823 2269 2047 2352 home*
2044 2268 2238 2381 spei.

485 2460 702 2537 Cum
743 2450 823 2531 t'e
868 2444 1137 2530 hodie·
1188 2444 1431 2526 titulo
1475 2442 1721 2524 video
1763 2438 2118 2553 gaudere
2155 2436 2570 2554 Magistri,
2547 2474 2565 2492 ·

744 2568 907 2646 Hic
950 2564 1285 2645 titulum
1338 2561 1499 2642 fine
1539 2588 1625 2640 re
1677 2586 1853 2641 non
1903 2557 2052 2637 tibi
2110 2557 2302 2638 dico
2362 2557 2669 2643 datum.

477 2684 635 2771 Sed
672 2678 874 2791 quid
912 2677 970 2759 s1
1010 2678 1325 2771 dicam,
1388 2678 1601 2759 nihil
1636 2679 1802 2761 hoc
1838 2673 2123 2757 dixisse
2160 2674 2542 2761 nocebit.

708 2792 1090 2882 Forsitan
1126 2798 1479 2906 heicque
1511 2794 1678 2906 spei
1718 2820 1888 2878 non
1937 2791 2146 2876 nihil
2177 2780 2333 2877 effe
2372 2790 2675 2882 datum.

1634 2975 2091 3060 CXCIII.

347 3145 1058 3303 InfestumV.
1161 3146 1268 3249 c.
1397 3142 1743 3281 JOH
1870 3143 2457 3285 JACOBI
2576 3145 3293 3289 BATTIERn,

1247 3319 1413 3373 cum
1469 3294 1800 3374 acidulis
1852 3319 2019 3375 cum
2057 3322 2137 3374 eo
2191 3317 2456 3378 uterer.

457 3391 816 3557 Festum,
882 3463 1175 3553 chare,
1248 3482 1484 3542 tuum
1526 3459 1753 3543 versu
1809 3456 2216 3540 celebrare
2252 3457 2689 3543 volebam·

731 3579 1137 3661 Sualbacis
1174 3603 1253 3659 at
1302 3576 1566 3661 versus
1602 3577 1898 3688 frigida
1955 3581 2338 3685 Nympha
2369 3601 2631 3686 negat.
2679 3635 2687 3642 .
2749 3635 2756 3666 ,.

463 3704 742 3785 Unum
798 3697 908 3775 est
959 3696 1192 3803 quod
1228 3723 1627 3779 voveam:
1696 3689 2075 3801 tantisper
2125 3696 2309 3777 vive
2349 3693 2740 3802 valeque,
2816 3747 2822 3752 -

724 3821 1024 3897 Donec
1057 3866 1085 3896 .
1149 3818 1488 3907 Amice,
1552 3813 1761 3894 ‘mihi
1807 3839 2013 3895 vena
2050 3814 2409 3895 Maronis
2462 3813 2659 3899 erit!

1568 3983 2008 4064 CXCIV.

335 4155 457 4262 In
509 4144 1229 4259 cimeliarehium
1265 4152 1486 4260 Viri
1556 4145 1996 4296 Amplzſs'.
2094 4141 2163 4256 S
2220 4152 2298 4257 E
2353 4158 2426 4256 B
2476 4152 2561 4260 A
2613 4160 2672 4262 S
2715 4163 2805 4267 T
2847 4162 2894 4266 I
2936 4168 3024 4268 A
3077 4178 3188 4276 N
3235 4181 3282 4283 Ι

818 4347 827 4356 ·
986 4307 1038 4383 F
1060 4305 1155 4385 ΛΞ
1188 4306 1234 4381 S
1263 4307 1328 4382 C
1354 4293 2619 4408 H11,Jcti.Arc'higrammaetei.

452 4461 853 4547 Ausonias
905 4492 1075 4546 non
1113 4469 1373 4551 miror
1423 4495 1621 4579 opes
1663 4469 2158 4576 Grajasque,
2218 4462 2357 4548 sed
2407 4468 2699 4568 illum,

451 4585 625 4701 Qi
666 4605 788 4664 tot
826 4609 1024 4693 opes
1070 4586 1355 4697 caplis,
1417 4590 1760 4697 majores
1796 4586 2134 4697 pestere
2177 4584 2460 4672 servat·

1640 4763 2038 4869 Δίιος
2871 4756 3269 4846 CXCV.
