4188 5670
1089 361 1820 445 ·1⁴1‹'Rtnus
1930 365 2635 452 P·‘'11Ysrc1s·.
3160 389 3318 474 ῃ,

365 547 633 644 ιῐῐωῑιεαιι
671 544 926 624 tranfiit
961 596 984 635 ‚
1037 563 1239 642 atque
1285 548 1352 620 in
1402 533 1639 621 namra
1679 563 1815 622 non
1859 564 1998 620 tam
2018 543 2414 625 'verisimilia‘
2434 577 2636 647 quam
2677 553 3000 632 mirabilia
3043 578 3259 656 captat
3282 615 3307 651 ,

375 646 587 726 facilis
635 649 725 724 est
762 645 863 721 ab-
899 640 1134 722 infimo
1199 646 1284 721 ad
1347 645 1721 742 supremum
1769 648 2037 741 ineptiae
2090 648 2370 744 gradtun
2418 649 2727 726 ascensus.
2840 757 2847 762 ·

575 829 687 919 De
727 849 1144 941 superstitione
1192 840 1300 919 hic
1347 844 1681 941 loquimur
1705 896 1728 931 ‚
1766 867 1882 919 non
1928 863 2222 946 quatenus
2280 848 2555 947 nligioni
2576 902 2601 939 ,
2644 849 2764 940 sed
2830 870 3120 950 quatenu
3185 882 3290 931 ra-

371 943 541 1019 tioni
585 946 950 1037 adversatur
977 996 1001 1033 ‚
1050 970 1189 1019 non
1235 952 1312 1017 ea
1337 996 1366 1031 ,
1422 969 1622 1039 quam
1677 944 2004 1038 Theologi
2060 946 2504 1021 condemnant
2525 998 2550 1035 ‚
2598 947 2707 1021 sed
2747 974 2948 1043 quam
3001 954 3288 1027 Philoso-

369 1043 506 1138 phi
553 1044 766 1117 rident
817 1072 836 1116 z
885 1068 1023 1117 non
1065 1045 1140 1118 ea
1176 1094 1202 1131 ,
1255 1068 1407 1136 quae
1457 1045 1702 1116 crimen
1735 1041 1825 1115 est
1851 1092 1874 1128 ‚
1926 1040 2033 1115 scd
2078 1050 2154 1116 ea
2179 1094 2204 1131 ,
2253 1071 2410 1139 quae
2449 1046 2769 1120 stultitia:
2821 1073 2959 1121 non
3008 1050 3286 1145 denique

368 1142 467 1213 de
499 1144 574 1210 ea
596 1185 618 1220 ‚
656 1167 809 1235 quae
847 1162 965 1215 aut
998 1141 1255 1216 Falsum
1281 1143 1592 1228 Numen,
1634 1161 1750 1213 aut
1792 1139 2047 1213 Verum
2100 1144 2333 1237 ineptis
2356 1147 2723 1218 cerimoniis
2774 1146 2988 1239 placat
3011 1198 3034 1234 ,
3086 1172 3201 1222 aut
3244 1153 3283 1221 ὰ

368 1235 826 1312 Daemonibus
860 1240 1178 1312 auxilium
1230 1243 1533 1333 expectat
1558 1289 1581 1325 ,
1616 1238 1723 1312 sed
1754 1239 1836 1311 de
1883 1240 2156 1312 ridiculo
2200 1244 2489 1334 quodam
2550 1246 2619 1316 in
2646 1242 2844 1315 rebus
2881 1244 3284 1319 naturalibus

365 1360 638 1426 errore,
680 1339 796 1425 qui
821 1339 1138 1413 virtutem
1173 1335 1402 1410 oeuffis
1463 1335 1764 1411 attribuit
1804 1381 1829 1422 2
1882 1361 2034 1434 quae
2084 1339 2204 1414 illis
2227 1344 2575 1416 convenire
2601 1343 2786 1414 nullo
2826 1347 3021 1437 pacsto
3046 1345 3280 1440 potest.

571 1535 811 1638 Neque
859 1563 1018 1613 vcro
1067 1533 1283 1612 omnis
1323 1538 1392 1609 in
1444 1539 1544 1609 his
1585 1531 1784 1607 rebus
1834 1559 2015 1607 error
2065 1539 2381 1610 continuo
2430 1537 2788 1633 superstitio
2832 1539 2926 1611 cst
2957 1590 2982 1627 ,
3012 1538 3119 1611 scd
3144 1544 3320 1655 qui-²

363 1631 525 1706 dam
573 1637 784 1707 mortis
827 1637 1088 1734 exc'effits
1113 1688 1137 1724 ‚
1190 1639 1411 1734 longius
1451 1639 1492 1707 ᾰ
1525 1641 1810 1707 veritatis
1830 1633 2023 1726 specie
2102 1635 2371 1707 recedens
2408 1664 2426 1705 ε
2493 1657 2688 1731 atquc
2741 1688 2768 1724 ‚
2846 1658 2925 1709 ut
2961 1635 3048 1708 ab
3089 1640 3278 1711 initio

365 1731 663 1803 diximus
692 1784 715 1819 ,
806 1741 879 1805 ui
920 1734 1307 1808 admirabiles
1359 1732 1452 1822 ἓξ
1474 1754 1650 1826 prope
1699 1733 1940 1805 divinos
1983 1733 2152 1804 reba
2203 1734 2577 1807 naturalibiae
2613 1734 2839 1807 tribuit
2886 1734 3132 1827 effi-Has.
3209 1736 3279 1809 Si
3301 1814 3315 1825 ,

365 1831 523 1921 quis
552 1832 729 1904 enim
825 1831 1003 1908 erbae
1046 1833 1366 1908 virtutem
1423 1851 1813 1926 purgantem
1838 1878 1859 1913 ,
1918 1855 2121 1923 quam
2173 1856 2309 1902 non
2346 1830 2549 1906 habet
2581 1882 2604 1918 ‚
2684 1829 2982 1905 adscribit
3016 1858 3035 1901 t
3107 1853 3280 1907 errat

361 1928 481 2004 ille
539 1930 807 2023 quidem
839 1959 861 2002 ι
929 1957 1141 2026 neque
1179 1952 1405 2047 tamen
1449 1933 1626 2052 hunc
1664 1927 2169 2044 superstitiosum
2211 1932 2386 2002 rccste
2428 1931 2717 2045 dixeris?
2765 1930 3028 2024 quando
3073 1928 3278 2005 herba

363 2028 1638 2220 ¹3:¹33?AEssss'ssffflfsszssszssssssffss
1670 2027 2211 2221 εῗῗεέῗῗξὲῗέἒιζ
2265 2026 3279 2213 ω’ἶῖηῗῑαῖἳῗέςῖῗιῖῗῖηῗίἷξῖ

359 2218 615 2294 rabiles
659 2218 933 2298 faciendi
962 2253 983 2304 3
1033 2226 1167 2316 jam
1204 2251 1341 2297 non
1379 2226 1656 2320 amplius
1721 2220 1997 2315 fimplex
2041 2248 2222 2296 error
2262 2222 2376 2296 ista
2423 2222 2575 2298 effet
2611 2221 2975 2318 persuafio‚
3026 2222 3133 2295 scd
3178 2223 3279 2296 su*

360 2318 686 2416 perffitio.
801 2321 970 2395 Haec
1044 2339 1358 2416 namque·
1395 2328 1718 2410 θαύματα
1789 2318 2037 2416 ubique
2083 2324 2153 2393 &
2199 2322 2436 2415 quaerit
2497 2326 2563 2396 8c
2613 2322 2912 2396 venditat
2936 2373 2961 2409 ‚
3007 2313 3277 2394 effectus

363 2416 737 2510 oeuffisque
787 2418 1153 2507 consociat,
1190 2446 1348 2515 quae
1373 2474 1398 2511 ,
1449 2443 1584 2520 quo
1619 2421 1888 2497 tandem
1934 2445 2114 2496 nexu
2167 2421 2539 2496 cohaereant
2603 2470 2630 2509 ‚
2702 2420 2965 2493 nullum
3033 2420 3276 2514 ingenii

362 2539 645 2592 acumen
689 2516 1041 2613 perspicere
1085 2519 1317 2620 potest·

561 2715 716 2788 Hoc
761 2740 926 2790 vero
983 2739 1062 2790 ut
1159 2720 1395 2791 enitius
1433 2715 1830 2810 intelligatur
1856 2767 1879 2802 ,
1932 2715 2223 2789 dividere
2269 2713 2463 2789 nobis
2491 2713 2680 2787 lubet
2721 2739 2946 2787 nexum
2966 2708 3271 2810 physicum

373 2810 538 2883 inter
593 2811 871 2888 cauffam
910 2818 976 2889 &
1034 2745 1344 2889 211ng
1367 2868 1392 2904 ‚
1437 2823 1504 2886 in
1542 2815 1965 2909 generaliorem
2012 2817 2078 2885 &
2110 2814 2533 2906 specialiorem.
2630 2813 2837 2885 Illum
2882 2813 3085 2886 etiam
3124 2830 3271 2889 tum

377 2911 772 3004 concipimus
797 2964 823 3001 ,
875 2939 1031 2986 cum
1079 2915 1232 2985 nihil
1285 2912 1460 2987 aliud
1502 2912 2115 3006 comprehendimus
2144 2962 2167 2998 ‚
2212 2936 2412 3005 quam
2457 2962 2482 3000 ‚
2535 2936 2770 3006 corpus
2812 2933 3080 2985 motum
3118 2935 3271 2982 con-

363 3009 548 3079 tactu
599 3009 717 3083 suo
749 3062 772 3098 ‚
822 3036 939 3086 aut
987 3004 1415 3084 effluviorum
1464 3005 1769 3105 fingulari
1819 3010 2101 3105 quadam
2146 3008 2402 3085 ratione
2461 3009 2637 3084 aliud
2688 3036 2958 3085 movere
3012 3006 3185 3103 poflc
3230 3026 3267 3097 ',

366 3104 554 3197 quod
612 3108 676 3179 &
718 3106 923 3202 ipsum
973 3110 1149 3184 aliud
1194 3128 1464 3183 moveat
1502 3160 1526 3196 ,
1571 3109 1698 3183 hoc
1742 3111 1904 3182 item
1946 3108 2123 3181 aliud
2149 3159 2182 3198 „
2232 3109 2441 3183 donec
2497 3104 2766 3182 effectus
2824 3111 2931 3181 ille
2987 3158 3013 3193 ‚
3068 3128 3270 3198 quem

371 3198 606 3274 eaufl‘ae
647 3205 996 3280 tribuimus
1021 3259 1044 3295 ,
1110 3227 1308 3301 queat
1354 3206 1654 3302 produci.
1769 3209 2183 3300 specialior-em
2233 3207 2401 3281 inter
2470 3205 2750 3279 cauffam
2826 3201 3270 3289 effectumque

360 3324 598 3371 'mem
645 3321 792 3385 tum
835 3303 1236 3399 agnoscimus
1263 3356 1286 3392 ‚
1331 3330 1482 3378 cum
1523 3303 1938 3400 intelligimus
1977 3303 2305 3398 specialius
2330 3355 2355 3391 ‚
2402 3305 2606 3397 qualis
2648 3301 2732 3374 fit
2787 3299 3078 3393 corporis
3122 3312 3274 3393 mo.

357 3401 579 3473 ventis
616 3451 639 3487 ‚
703 3396 1260 3497 effluviorumquc
1303 3403 1442 3495 ejus
1492 3421 1757 3473 oextura
1798 3450 1821 3486 ‚
1860 3402 2002 3494 quis
2051 3401 2298 3485 horum
2348 3421 2569 3473 motus
2625 3447 2648 3482 ‚
2707 3421 2907 3491 quam
2957 3394 3271 3466 mutatio·

361 3519 528 3568 nem
587 3497 658 3569 in
701 3503 988 3594 patiente
1019 3503 1341 3598 producat
1362 3550 1387 3586 ‚
1446 3524 1561 3572 cur
1603 3498 1771 3570 hanc
1810 3499 1875 3569 8:
1914 3522 2055 3568 non
2096 3497 2289 3567 aliam
2326 3522 2346 3564 ε
2432 3494 2773 3588 quo'modo
2845 3491 3125 3586 denique
3207 3497 3272 3572 &

355 3618 568 3687 agens
619 3618 772 3693 agat
821 3648 846 3686 ‚
913 3604 979 3674 ἃ
1021 3601 1267 3695 patiens
1322 3593 1634 3671 effectum
1690 3595 1934 3688 agentis
1979 3594 2245 3687 recipiat
2283 3640 2308 3677 ‚
2362 3612 2439 3664 ut
2475 3588 2812 3662 necoffario
2860 3640 2886 3675 ‚
2944 3594 3009 3663 &
3058 3589 3271 3663 const.

361 3714 653 3786 quenter
700 3696 1135 3773 constantibus
1163 3717 1420 3793 nat-urae
1445 3688 1696 3792 legibus
1715 3744 1740 3780 ‚
1790 3691 1894 3767 hic
1923 3693 1990 3763 in
2013 3689 2217 3787 specie
2233 3740 2260 3779 ,
2301 3715 2439 3764 non
2468 3690 2628 3762 alius
2647 3683 2913 3762 effeetus
2944 3687 3271 3785 stzquatur.

388 3972 398 3987 ,
551 3890 606 3963 F
608 3886 719 3963 elis
799 3893 893 3968 est
970 3891 1385 3967 absconditus
1462 3892 1530 3965 in
1596 3890 1955 3963 conclavi:
2042 3891 2246 3962 cernis
2329 3890 2667 3960 hominem
2719 3937 2745 3974 ,
2816 3883 2932 3981 qui
2970 3888 3280 3982 pallere-3

352 3987 475 4083 qui
542 3986 768 4063 sudare
833 3990 1062 4085 incipit
1108 4043 1138 4080 ,
1231 3989 1430 4063 nescit
1524 3986 1654 4081 ipse
1699 3987 1855 4082 quid
1931 3984 2055 4060 fibi
2128 3989 2471 4080 contigerit
2534 4013 2554 4055 ι
2632 3984 2899 4057 tandem
2964 3993 3293 4083 reperitur-

352 4083 652 4173 invisum
723 4092 982 4162 animal,
1128 4091 1463 4177 Qaenam
1539 4086 1734 4178 hujus
1803 4086 2184 4180 antipathiae
2256 4083 2346 4157 est
2403 4080 2610 4159 cauffa
2661 4083 2696 4155 ?
2793 4084 3187 4180 Corpuscula
3253 4134 3280 4173 ,

354 4186 604 4270 aiunt,
660 4180 930 4261 effluere
977 4185 1240 4281 pofl'unt
1309 4211 1393 4259 ex
1452 4208 1722 4277 corpore
1777 4180 1915 4254 felis
1958 4233 1982 4270 ‚
2057 4209 2172 4275 per
2235 4187 2465 4255 acrem
2524 4182 2918 4255 dIffeminata
2996 4184 3078 4254 ad
3148 4207 3288 4254 cor-

365 4306 490 4372 pus
550 4283 745 4374 hujus
801 4287 1086 4359 hominis
1156 4281 1394 4359 deferri
1443 4332 1468 4371 ‚
1542 4307 1658 4378 per
1730 4290 1912 4352 na'rcs
1977 4279 2254 4374 aliasque
2307 4283 2444 4353 vias
2519 4280 2585 4353 in
2636 4275 2798 4349 illud
2847 4280 3087 4351 intrare
3122 4331 3145 4366 ,
3212 4276 3290 4350 fi.

371 4374 521 4449 bras
592 4404 952 4456 nervorum
1001 4433 1025 4470 ‚
1109 4387 1173 4455 &
1236 4407 1351 4475 per
1403 4381 1522 4453 hos
1586 4374 1932 4451 cerebrum
1984 4390 2163 4450 certo
2236 4379 2522 4471 quodam
2596 4375 2801 4448 modo
2848 4425 2871 4460 ,
2950 4376 3127 4470 quod
3191 4401 3294 4448 ce-

365 4472 646 4548 rebrum
699 4480 808 4553 ita‘
847 4476 1277 4553 constitutum
1321 4476 1411 4551 est
1447 4529 1473 4566 ,
1545 4498 1623 4550 ut
1692 4477 1944 4567 quotics
2023 4476 2135 4547 iste
2200 4472 2418 4569 pulsus
2492 4470 2566 4547 in
2629 4473 2743 4547 illo
2787 4473 3018 4543 accidit
3062 4520 3088 4555 ‚
3171 4469 3315 4581 spi:

357 4574 552 4645 -ritus
577 4578 913 4673 ‘animales
965 4603 1099 4651 non
1123 4580 1128 4585 ’
1144 4573 1388 4672 poffint
1434 4602 1572 4649 non
1616 4573 1815 4647 fluere
1863 4573 1934 4644 in
1978 4594 2188 4645 certos
2220 4572 2550 4645 musculos
2580 4620 2604 4656 ‚
2648 4567 2882 4656 eosque
2930 4570 3051 4634 hac
3076 4582 3295 4653 ‘ratio-

366 4694 462 4753 ne
518 4697 795 4751 movere
820 4726 847 4769 ‚
891 4700 1046 4772 quae
1101 4677 1451 4774 requiritur
1504 4674 1589 4751 ad
1624 4671 2007 4767 sanguinem
2055 4697 2139 4744 ex
2160 4674 2341 4764 genis
2365 4666 2767 4762 abigendum
2791 4708 2819 4749 ,
2869 4658 3303 4743 sudoremque

2079 4772 2288 4857 αὶ
3223 4770 3309 4821 CX
