4188 5670
950 323 1067 444 '34
1686 332 2242 423 D·1sst'n‘·r.·
2316 352 2444 416 na
2513 334 3301 411 Loco-macnus

938 475 1223 605 'tantum
1262 530 1436 625 apud
1481 526 1766 603 diversos
1797 579 1821 616 ,
1863 524 1971 598 sed
1995 498 2338 620 saepiffime
2377 496 2553 612 apud
2597 510 2876 587 cosdem.
2987 517 3077 589 Et
3116 504 3338 590 tamen
3377 510 3689 609 quantilla
3740 519 3868 595 ani-2

930 624 1361 724 'biguitatum
1395 654 1541 723 pars
1574 631 1640 700 in
1665 626 1916 701 Lexicis
1942 628 2007 698 &
2037 618 2536 697 Concordantiis
2571 610 2891 705 ejusmodi
2939 613 3326 688 observatur
3351 662 3376 701 ,
3428 637 3546 690 aut
3598 619 3667 691 in
3693 612 3866 692 tant'a

952 726 1370 800 multitudine
1415 726 1748 800 observari
1785 723 1995 819 potest
2044 722 2078 792 ἲ
2150 723 2492 795 Notantur
2533 710 2992 805 ambiguitates
3026 713 3252 788 obviae
3278 765 3302 801 ,
3343 709 3620 809 insignes
3647 767 3670 805 ,
3714 742 3864 812 quae

870 900 877 905 ,
951 826 1041 898 ab
1095 848 1497 917 unoquoque
1552 825 1925 898 attendente
1973 819 2157 894 facile
2205 816 2506 910 distingui
2548 806 2807 905 poffunt
2844 837 2866 891 3
2923 810 3426 885 innumerabiles
3471 815 3616 888 aliae
3671 815 3869 889 levio·

920 918 1050 995 ‘res
1069 922 1099 1007 '‚
1143 918 1508 996 subtiliores
1527 976 1551 1011 ‚
1583 948 1736 1018 quae
1759 917 2017 994 nonnifi
2050 921 2087 989 a
2136 911 2609 1013 perspicacibus
2641 907 2907 980 discerni
2930 907 3228 1003 pois-int,
3246 915 3858 1005 praetermittuntur.

572 1020 888 1106 Disflmssffl
950 1032 1052 1105 Ut·
1090 1054 1225 1109 non
1260 1034 1451 1103 nimis
1480 1034 1786 1111 audacter
1812 1024 2214 1121 Chrysippus
2238 1026 2494 1099 Stoicus
2517 1072 2543 1107 ,
2572 1021 2635 1090 &
2661 1042 2814 1089 cum
2841 1040 2921 1087 eo
2960 1018 3067 1088 alii
3082 1020 3322 1113 plures,
3349 1012 3632 1091 nullum
3700 1040 3870 1094 ver-

564 1106 905 1269 Jpz‘znffhg'
950 1140 1125 1219 bum
1191 1140 1310 1216 effe
1352 1144 1630 1216 dixerint
1665 1154 1689 1230 ᾗ
1764 1137 1949 1246 quod
1989 1160 2123 1214 non
2145 1130 2264 1243 fit
2318 1131 2741 1234 mnblguum
2777 1149 2807 1204 ο·
2866 1151 3093 1203 contra
3122 1156 3317 1227 (luem
3343 1182 3367 1219 ν
3418 1130 3469 1204 fi
3511 1136 3655 1229 qais
3708 1136 3867 1235 Dio·

570 1270 884 1328 Diodorum
950 1258 1193 1343 dotum
1239 1267 1539 1339 Cronum
1568 1316 1591 1352 ,
1644 1263 1761 1358 qui
1804 1283 2031 1335 contra
2056 1312 2081 1347 ‚
2109 1250 2389 1334 nullum
2429 1243 2746 1330 verbum
2796 1242 3220 1350 ambiguum
3260 1236 3431 1354 effi3
3467 1232 3739 1347 statuit}
3772 1228 3864 1334 (ff-

575 1353 833 1411 eranum.
948 1372 1320 1470 sputantem
1372 1375 1546 1470 apud
1583 1373 1873 1449 Gellium
1912 1374 2133 1446 audiet
2160 1419 2184 1455 ,
2224 1366 2598 1459 exempltun
2633 1356 3048 1454 ineptiffimae
3086 1362 3549 1457 Logomachiae
3588 1356 3862 1447 videbit.

569 1430 896 1578 ῗξέὶηῖῗ
915 1542 920 1547 .
947 1476 1046 1547 Ac
1071 1470 1537 1566 ‘Chrysippum
1567 1473 1833 1570 quidem
1872 1468 2255 1544 sententiam
2284 1463 2466 1535 suam
2494 1515 2518 1551 ‚
2540 1461 2608 1531 in
2633 1458 2852 1545 libris,
2883 1482 3171 1553 quorum
3197 1465 3488 1540 Laertius
3521 1457 3863 1547 meminit,

569 1616 624 1661 ο.
683 1611 773 1654 12.
942 1569 1084 1670 mg>
1130 1572 1520 1659 ἆμφιέολιῶν,
1620 1570 1752 1661 περὶ
1785 1575 1895 1636 τῶν
1942 1569 2227 1666 τροπικῶν
2267 1560 2669 1648 ἐμφιζολιόν,
2743 1557 2876 1646 περὶ
2927 1568 3289 1648 συνημμένης
3344 1565 3623 1657 spondis
3667 1561 3866 1659 03ka

566 1673 857 1836 ἓξὲξ
951 1672 1156 1747 ὅολιάς
1198 1695 1222 1749 3
1320 1664 1578 1765 aliisque
1610 1668 1801 1761 hujus
1849 1666 2232 1761 argumenti·
2262 1658 2409 1733 satis
2447 1652 2744 1754 probaffe
2787 1653 3095 1732 arbitror.

568 1837 737 1914 Diog.

571 1913 897 1981 laeffilib„
1151 1885 1337 1972 Quae
1369 1903 1448 1958 ut
1480 1850 1727 1958 nemini
1755 1883 1957 1979 usque
2006 1884 2174 1957 adeo
2223 1879 2555 1976 paradoxa
2599 1881 2944 1968 videatur,
3001 1884 3536 1981 perpendendum
3557 1933 3582 1969 ‚
3663 1893 3867 1952 nanta

575 2018 632 2078 7.
649 1980 909 2078 'inChry-
955 1977 1210 2065 ab-Juna
1236 2005 1416 2076 parte
1454 1980 1530 2057 fit
1554 1982 1687 2057 five
1712 2009 1931 2057 rerum
1958 2034 1982 2071 ‚
2041 1980 2177 2055 five
2212 2000 2650 2074 conceptuum
2675 1982 3033 2056 multitudo
3062 2036 3086 2072 ,
3125 2011 3326 2081 quam
3353 2007 3560 2080 pauca
3581 1980 3685 2051 -ab
3707 1979 3869 2049 alte·

558 2083 737 2161 fiPPO·
956 2105 1029 2153 ra
1066 2100 1246 2173 p'arte
1268 2128 1293 2167 ,
1337 2108 1457 2176 pro
1482 2083 1603 2154 hac
1649 2082 2068 2156 multitudine
2097 2101 2290 2174 atque
2319 2079 2483 2152 adeo
2514 2074 2838 2152 infinitate
2870 2108 3093 2155 rerum
3117 2135 3141 2171 ‚
3175 2087 3242 2155 in
3267 2085 3486 2177 lingua
3510 2079 3613 2152 vel
3645 2074 3870 2173 copio-

955 2172 1197 2255 fiffima
1224 2176 1350 2252 fint
1378 2180 1701 2252 voeabula
1718 2211 1743 2265 ,-
1773 2205 1977 2276 quam
2014 2181 2225 2251 multa
2247 2174 2580 2250 vocabula
2604 2173 2730 2250 sint
2750 2229 2773 2264 ,
2819 2206 2973 2273 quae
3004 2183 3179 2252 idem
3215 2179 3595 2274 significent.
3665 2173 3867 2265 Cogi-

963 2277 1245 2350 tandum
1271 2279 1483 2351 erit-in
1507 2279 1731 2371 primis
1760 2270 1787 2367 ,‘
1832 2299 1911 2351 ut
1945 2294 2087 2350 vox
2131 2278 2349 2370 aliqua
2386 2275 2563 2353 idem
2603 2272 2854 2370 semper
2894 2278 3068 2373 apud
3095 2280 3356 2351 eosdem
3380 2329 3404 2362 ‚
3440 2278 3613 2347 idem
3648 2275 3718 2353 in
3752 2294 3898 2344 ore-

959 2374 1368 2457 diversorum
1406 2459 1413 2464 ,
1459 2374 1816 2472 fignifioere
1912 2374 2166 2449 dicatur
2221 2425 2247 2460 ,
2342 2388 2482 2447 non
2569 2368 2867 2447 'sufficere
2918 2426 2944 2464 ,
3048 2394 3126 2448 ut
3198 2371 3696 2468 significationes
3807 2370 3870 2439 in

956 2471 1353 2567 quibusdam
1415 2524 1441 2562 ,
1539 2477 1607 2546 in
1669 2471 1921 2555 multis:
1976 2524 2000 2561 ,
2073 2476 2144 2546 in
2213 2472 2532 2567 plerisque
2606 2474 3002 2547 conveniant
3069 2500 3090 2553 3
3158 2468 3517 2545 necefleeffe
3576 2520 3601 2556 ‚
3672 2486 3757 2539 ut
3802 2471 3867 2540 in

927 2599 935 2615 ²
956 2572 1272 2651 omnibus
1304 2619 1327 2656 ,
1370 2573 1440 2644 in
1467 2570 1903 2665 minutissimis
1926 2567 2395 2647 accuratiffime
2463 2573 2883 2645 concordent.
2964 2573 3031 2646 Si
3060 2571 3166 2643 vel
3196 2567 3595 2653 leviffimum
3669 2562 3867 2674 signi·

958 2666 1256 2745 ficationi
1300 2670 1557 2743 additur
1585 2673 1992 2759 demiturve‚
2038 2672 2173 2763 jam
2222 2670 2346 2740 alia
2380 2696 2479 2742 res
2509 2671 2633 2757 est,
2679 2670 2851 2742 aliud
2882 2670 3172 2765 „proinde
3202 2670 3282 2742 de
3306 2695 3381 2741 ea
3403 2666 3725 2763 judicium
3776 2662 3865 2737 fc-

960 2771 1273 2842 rendum.-
1325 2767 1598 2845 Arboris
1623 2796 1689 2846 v.
1715 2796 1810 2866 gr.
1831 2771 2164 2845 vocabulo
2192 2765 2484 2864 fignifico
2513 2768 2757 2864 aliquid
2806 2795 2919 2864 pcr
2958 2767 3019 2843 se
3045 2766 3338 2849 existens,
3364 2762 3732 2850 extensum,
3767 2763 3864 2854 vj-

967 2889 1154 2950 vens,
1179 2863 1316 2938 five
1344 2873 1752 2942 nutrimento
1796 2868 2088 2964 suscepto
2125 2866 2405 2942 crescens
2424 2922 2449 2957 ,
2512 2869 2807 2966 constans
2836 2868 3042 2942 radice
3068 2916 3093 2953 ,
3143 2889 3379 2943 trunco
3407 2917 3431 2954 ‚
3476 2865 3669 2936 ramis
3697 2912 3720 2948 ,
3757 2860 3862 2958 fo-

951 2959 1052 3031 liis
1077 2961 1420 3048 ,floribus
1480 2970 1618 3053 Qui
1654 2969 1801 3038 haec
1832 2970 2054 3037 omnia
2090 2990 2354 3037 mecum
2388 2970 2623 3039 eodem
2667 2963 3000 3037 vocabulo
3048 2961 3404 3058 significan
3451 2962 3860 3042 tantumaad-
3953 2979 3956 2982 ’

946 3058 1092 3152 jicit
1119 3058 1216 3128 his
1258 3061 1326 3129 in
1354 3083 1574 3135 mente
1618 3061 1912 3132 fluctus,
1955 3083 2069 3131 aut
2116 3062 2323 3130 demit
2356 3061 2545 3132 flores
2565 3091 2590 3143 ‚-
2625 3087 2764 3131 non
2823 3060 3040 3133 obstat
3090 3062 3204 3132 iste
3247 3069 3314 3137 in
3339 3062 3614 3155 'reliquis
3644 3060 3859 3130 omni..

942 3155 1071 3231 bus
1107 3152 1454 3230 consensus
1489 3209 1514 3247 ‚
1553 3182 1688 3253 quo
1728 3158 1944 3228 minus
1989 3156 2164 3227 aliud
2215 3172 2412 3248 atque
2461 3179 2586 3253 ego
2638 3160 2766 3230 hoc
2809 3159 3081 3231 nomine
3134 3161 3490 3257 intelligere
3529 3159 3852 3234 videatur.

1127 3371 1688 3450 Considerandum
1727 3397 1927 3470 porro
1975 3373 2098 3446 erit
2143 3423 2167 3462 ,
2212 3365 2542 3446 vocabula
2569 3423 2592 3461 ,
2648 3400 2748 3446 res
2772 3398 2931 3469 quas
2985 3369 3348 3469 significant
3382 3429 3405 3464 ,
3464 3402 3599 3449 non
3650 3390 3850 3447 natu·

938 3501 1011 3549 ra
1038 3470 1393 3569 significare
1424 3528 1448 3563 ‚
1502 3472 1609 3547 sed
1663 3472 1869 3547 libera
1901 3474 2188 3569 quadam
2245 3473 2593 3545 hominum
2641 3473 3128 3554 conventionem
3176 3501 3328 3568 quae
3378 3477 3571 3549 tacita
3611 3474 3850 3565 magiS,

844 3625 849 3630 -
926 3598 1143 3666 quam
1184 3583 1449 3667 aperta,
1494 3570 1642 3645 casu
1694 3575 1917 3666 potius
1946 3622 1972 3660 ,
2035 3597 2236 3665 quam
2287 3569 2553 3643 consilio
2607 3567 2779 3644 faeta
2848 3572 3042 3643 fuerit
3089 3591 3112 3653 3
3182 3597 3258 3644 ac
3306 3595 3626 3666 praeterea
3678 3576 3850 3646 inter

937 3693 1136 3741 voces
1197 3673 1263 3743 &
1329 3694 1428 3742 res
1479 3667 1867 3763 significatas
1928 3671 2180 3739 nullam
2240 3669 2624 3762 plerumque
2700 3665 2818 3739 effe
2888 3665 3393 3742 similitudinem.
3500 3674 3654 3765 Jam
3702 3672 3851 3764 quis

939 3769 1162 3840 credat
1192 3817 1216 3854 ,
1267 3791 1495 3840 omnes
1534 3766 1763 3836 eadem
1800 3767 2021 3856 lingua
2075 3783 2334 3836 utentes
2366 3815 2391 3852 ‚
2449 3767 2540 3836 ita
2588 3765 2655 3832 in
2711 3761 3175 3858 significatione
3222 3768 3463 3843 horum
3507 3769 3847 3864 signorum

935 3865 1438 3942 arbitrariorum
1486 3859 1841 3933 consentire
1878 3858 2152 3953 potuiffe
2173 3909 2197 3945 ‚
2243 3883 2362 3935 aut
2391 3859 2565 3958 poffe
2613 3862 3031 3951 etiamnunc,
3081 3886 3159 3938 ut
3208 3868 3402 3939 etiam
3438 3872 3505 3940 in
3551 3866 3847 3941 minutis-

937 3961 1112 4036 fimis
1184 3959 1578 4035 conveniant
1599 4007 1624 4045 ‚
1678 3957 2197 4050 tantundemque
2247 3955 2717 4033 accuratiffime
2770 3963 2930 4035 alter
2970 4015 2993 4050 ,
3059 3982 3378 4057 quantum
3439 3967 3602 4041 alter
3624 4023 3649 4058 ,
3689 3969 3845 4042 sub-

931 4061 1103 4156 jean
1140 4059 1351 4131 eidem
1387 4054 1719 4146 vocabulo
1748 4060 2045 4144 notione,
2102 4058 2609 4148 comprehendat
2641 4108 2666 4145 ‚
2746 4062 2931 4133 nihil.
2954 4062 3061 4133 ille
3106 4065 3481 4155 imprudens
3527 4068 3750 4142 demat
3812 4120 3838 4158 ‚

936 4158 1119 4255 quod
1145 4157 1251 4227 hic
1292 4154 1658 4233 addiderim
1698 4155 1854 4226 nihil
1906 4154 2103 4227 addat
2129 4205 2153 4241 ‚
2183 4154 2362 4248 quod
2403 4155 2506 4227 ille
2537 4158 3091 4252 praetermiserit?
3135 4162 3323 4248 Qin
3349 4165 3569 4257 potius
3593 4170 3843 4240 mirum

934 4259 1004 4333 id
1041 4249 1310 4329 cuilibet
1357 4249 1689 4327 videbitur
1730 4303 1753 4339 ,
1801 4249 1852 4326 fi
1886 4277 2133 4346 paucos
2182 4251 2537 4345 quosdam,
2617 4253 2670 4328 fi
2750 4259 3010 4352 quando
3068 4281 3279 4329 unum
3330 4266 3396 4334 &
3442 4264 3719 4339 alterum
3764 4270 3840 4339 in

936 4374 1304 4453 paucorum
1361 4347 1848 4424 vocabulorum
1905 4347 2377 4444 significatione
2436 4371 2580 4425 tam
2645 4375 2941 4428 accurate
2998 4360 3347 4433 convenire
3414 4365 3754 4461 contingat
3811 4393 3835 4438 ε

988 4453 1294 4528 raesertim
1336 4474 1487 4522 curn
1535 4448 1914 4521 consensum
1961 4451 2067 4521 hic
2101 4446 2291 4523 suum
2332 4474 2472 4529 non
2505 4453 2692 4527 aliter
2740 4452 2950 4528 testari
2990 4450 3236 4549 possint
3273 4508 3301 4548 ‚
3385 4484 3589 4553 quam
3639 4489 3840 4539 voca..

995 4555 1115 4638 ulis
1146 4601 1176 4646 ,
1227 4572 1380 4648 quae
1416 4544 1643 4643 &ipsa
1683 4546 1994 4643 ambigua
2041 4544 2212 4621 sunt.
3111 4629 3118 4636 ,

771 4709 793 4740 χ
3671 4657 3825 4732 Huc
