4188 5670
1176 339 1250 436 J?
1316 358 1651 431 notu.
1693 352 1946 425 1121
2003 357 2126 409 ’Μ
2179 360 2226 421 u
2277 356 2400 421 rt...
2505 408 2514 415 .
2605 408 2614 415 .
3094 363 3246 437 247

327 522 582 621 dixeris.
651 520 804 594 Hoc
846 517 1079 597 fulsum
1124 516 1244 592 effe
1290 516 1469 599 athei
1504 539 1845 611 nunquam
1892 515 2426 600 &monstramur
2459 568 2482 605 ,
2537 540 2752 614 nuque
2799 521 3240 599 demonstrare

284 628 305 659 ⁸
327 644 622 725 unquam
672 637 1003 713 poterunt.
1114 619 1207 692 Et
1241 637 1464 689 tamen
1499 615 1724 701 Omnia
1774 618 2032 712 Ρὶςίὒῑίδ
2078 619 2353 711 praemia
2415 620 2509 691 ita
2557 620 2912 710 abjiciunt
2937 672 2961 708 ‚
3007 647 3236 695 omnes

322 720 582 817 pietatis
644 742 869 812 poenas
904 716 997 790 ita
1030 734 1473 813 contemnunt
1492 763 1516 805 ‚
1564 710 1744 807 quusi
1816 717 2182 809 apodidtice
2205 713 2742 795 demonstrassent
2758 766 2784 802 ,
2824 742 3052 806 omnes
3091 718 3238 792 istas

368 813 777 892 romiffionee
821 816 1443 891 &comminationes
1473 808 1592 883 effe
1638 811 1813 885 falsas
1837 842 1857 894 ;
1903 816 1968 886 δε
2019 816 2083 889 id
2125 835 2266 888 tam
2317 833 2496 887 certo
2538 812 2832 898 scirent,
2875 814 3183 891 acsciuut
3206 869 3233 905 ‚
3273 874 3278 878 .

318 848 425 990 bis
481 915 636 989 bina
696 913 815 987 effi:
832 933 1142 1007 quatuor,
1188 932 1418 987 totum
1464 910 1673 998 majus
1715 910 1833 983 efl'e
1883 910 1995 983 sua
2032 934 2235 1006 parte.
2389 912 2565 984 Cum
2602 937 2763 983 vero
2809 914 2921 982 has
2966 915 3232 1007 promis.

318 1013 540 1088 [iones
581 1015 646 1086 ἃ
696 1009 1237 1085 comminationes
1312 1008 1569 1082 credere
1618 1010 1880 1080 homini*
1925 1006 2007 1080 fit
2057 1008 2466 1084 utiliffimum
2513 1061 2538 1098 ,
2613 1007 2953 1103 quomodo
3025 1006 3228 1083 fidem

318 1138 563 1191 eorum
622 1108 900 1203 abjicere
922 1160 947 1196 ,
997 1134 1152 1182 cum
1192 1132 1456 1195 amore,
1498 1131 1634 1201 quo
1681 1107 1744 1180 se
1782 1105 1953 1203 ipsos
2001 1108 2481 1205 prosequuntur
2508 1160 2532 1195 ,
2588 1105 2925 1183 consistere
2971 1104 3168 1202 poffit
3194 1160 3223 1198 ‚

317 1212 639 1304 equidem
668 1233 826 1282 non
869 1208 1085 1282 video.

524 1359 648 1436 Sed
687 1363 754 1432 δι
790 1360 923 1432 aliis
964 1357 1157 1432 bonis
1207 1359 1332 1433 sese
1382 1361 1649 1454 privant
1672 1410 1697 1446 ,
1733 1384 1887 1454 quae
1928 1362 2311 1454 quotidiana
2355 1358 3108 1454 experientia'testatur,
3141 1376 3228 1431 ex

318 1464 566 1535 tiruore
607 1458 920 1530 Numinis
971 1458 1145 1531 oriri.
1226 1457 1537 1530 Vidimus
1576 1454 1781 1550 supra
1824 1456 2352 1551 prudentiffimos
2399 1458 2824 1553 Legislatores
2878 1460 2944 1528 ἃ
2997 1455 3228 1529 funda-

280 1581 501 1633 ·tores
540 1553 1167 1650 rerumpublicarum
1219 1553 1577 1643 credidisse,
1640 1555 2051 1651 Religionem
2100 1555 2220 1629 effe
2249 1555 2660 1628 neceffarium
2697 1557 3043 1628 civitatum
3081 1554 3225 1626 vin-

315 1650 548 1731 culum
569 1683 594 1737 ,-
616 1656 934 1726 homines
973 1655 1109 1750 regi
1154 1655 1219 1728 &
1255 1656 1324 1726 in
1363 1650 1587 1726 officio
1625 1656 1942 1741 contineri
1979 1681 2120 1728 non
2156 1649 2369 1747 pofl'e,
2398 1651 2516 1729 nifi
2541 1652 2783 1727 feroces
2827 1675 3064 1726 eorum
3089 1652 3226 1723 ani-

318 1746 417 1828 mi
452 1752 762 1846 religione
806 1755 1189 1848 mitigentur
1226 1754 1291 1825 &
1332 1754 1730 1824 molliantur.
1813 1755 2019 1840 Qod
2086 1749 2501 1824 neceffarium
2546 1751 2638 1822 est
2686 1751 2757 1822 in
2797 1748 3220 1844 regimine'ci-

314 1853 595 1929 vitatisz
647 1851 715 1921 id
798 1849 1029 1925 uilibet
1078 1849 1493 1923 neceffarium
1523 1851 1892 1943 experietur
1928 1853 1999 1939 in
2046 1850 2360 1944 regimine
2415 1847 2511 1920 sui
2536 1845 2732 1942 ipfius
2755 1878 2781 1930 ,-
2827 1848 3015 1941 ,quod
3042 1848 3218 1920 enirn

313 1954 386 2026 in
437 1950 699 2021 civitate
779 1969 897 2021 unt
952 1948 1250 2022 homines
1291 1946 1535 2021 feroces
1575 1997 1603 2034 ,
1662 1948 2028 2021 turbulenti
2057 1998 2083 2035 ‚
2164 1948 2232 2020 id
2289 1946 2357 2018 in
2410 1943 2704 2044 quolibet
2766 1941 3037 2023 homine
3069 1942 3220 2016 sunt

310 2044 594 2125 affectus
620 2096 645 2132 ,
686 2070 825 2119 non
867 2047 1084 2119 minus
1127 2046 1427 2121 indomiti
1478 2050 1544 2119 &
1601 2044 1889 2122 rebelles,

525 2191 625 2262 Ut
670 2217 801 2284 pax
828 2194 891 2265 ἃ
916 2194 1337 2287 tranquillitas
1359 2194 1428 2266 in
1457 2197 1723 2271 homine
1757 2194 2170 2271 conservetur
2195 2249 2219 2285 ‚
2250 2197 2559 2271 domandi
2592 2193 2742 2272 sunt
2762 2244 2788 2281 ‚
2832 2191 3216 2269 moderandi

304 2287 388 2357 ἃ.
444 2284 782 2371 fraenandi,
799 2320 825 2373 ‚-
867 2292 1047 2382 quod
1085 2289 1203 2364 nisi
1255 2290 1375 2365 fiat
1400 2344 1430 2383 ‚
1477 2296 1759 2367 hominis
1805 2298 2063 2375 animus
2105 2294 2198 2370 est
2239 2294 2435 2369 instar
2484 2304 2674 2375 maris
2710 2301 3016 2394 inquieti,
3057 2288 3226 2392 quod
3254 2297 3395 2366 Esai.
3422 2298 3584 2367 LVII.

305 2404 593 2475 perpetuo
638 2395 938 2483 agitatur.
1044 2390 1231 2478 Hic‚'
1281 2394 1466 2465 aiunt
1496 2387 1889 2488 Philosophss
1915 2395 2242 2469 rationem
2271 2396 2345 2467 in
2389 2391 2746 2479 subsidium
2803 2390 3169 2465 vocandam
3195 2415 3221 2469 3
3347 2400 3442 2450 ²0·

312 2505 457 2551 non
499 2482 681 2554 male.
788 2484 914 2560 Sed
944 2484 995 2558 fi
1032 2490 1352 2560 rationem
1377 2487 1748 2585 intelligunt
1783 2515 2009 2578 amore
2030 2493 2162 2565 Dei
2186 2492 2559 2569 destitutam
2581 2541 2606 2578 ‚
2629 2486 2997 2575 videbunt,
3065 2507 3220 2557 uam

315 2574 399 2649 fit
443 2603 522 2651 ea
582 2581 929 2654 imbecillis,
1007 2582 1367 2681 Affectibus
1390 2638 1415 2674 ‚
1461 2587 1818 2682 praesertim
1882 2586 2456 2663 vehementifl'nnis
2487 2638 2514 2676 ,
2591 2588 2899 2662 contrarii
2947 2515 3221 2659 aflqec'tus

312 2672 476 2775 sunt
520 2683 913 2787 opponendi.
990 2682 1227 2754 Nullus
1277 2706 1500 2755 autem
1530 2681 1797 2757 affectus
1845 2687 1936 2758 est
1977 2687 2061 2767 ad
2120 2688 2266 2763 haec
2313 2683 2654 2765 sufficiens·
2680 2737 2707 2773 ,
2773 2706 2974 2778 quam
3019 2684 3221 2753 timor

312 2774 661 2876 Numinis.
739 2772 869 2848 Hic
908 2779 989 2850 ad
1031 2799 1299 2852 caeteros
1325 2779 1740 2854 debellandos
1784 2803 1972 2856 tanto
2005 2780 2098 2855 est
2126 2784 2398 2858 validior
2421 2831 2448 2870 ,
2499 2807 2634 2877 quo
2665 2783 2944 2874 maj0res
2988 2781 3060 2853 in
3087 2780 3222 2854 ani-

313 2894 439 2980 mo
493 2872 736 2942 radices
785 2875 916 2968 egit
944 2906 971 2958 ,-
1007 2873 1109 2947 hic
1142 2873 1193 2947 fi
1220 2898 1471 2975 ‘regnat
1508 2900 1779 2953 caeteros
1824 2878 2220 2976 compescit,
2269 2879 2467 2974 iisque
2527 2877 2854 2954 filentium
2909 2880 3211 2974 imponit.

316 2970 427 3040 Sm
487 2964 712 3056 abest,
763 2973 933 3043 ratio
979 2998 1116 3046 non
1161 2976 1475 3061 auditur,
1527 2999 1645 3048 aut
1687 2971 2026 3050 affefflbus
2062 2999 2297 3071 paret‚·
2339 2981 2476 3051 imo
2525 2979 2608 3051 ad
2646 2974 2912 3051 affectus
2943 2975 3070 3050 sele
3115 3002 3216 3049 ac-

320 3068 752 3140 commodare
789 3071 1062 3164 cogitur.
1153 3072 1242 3144 Et
1265 3073 1394 3145 hoc
1419 3072 1545 3161 est,
1598 3075 1777 3168 quod
1821 3077 2134 3149 Salomon
2188 3078 2531 3150 hominum
2584 3074 3076 3173 sapientiffimus
3122 3076 3248 3144 vi-'

319 3165 415 3277 dit
442 3213 469 3249 ,
512 3187 667 3236 cum
703 3175 977 3240 timorem
1028 3175 1186 3257 Dei,
1232 3179 1433 3243 omnis·
1450 3171 1757 3265 sapientia
1795 3182 2044 3247 initium
2083 3172 2204 3247 effe
2241 3177 2351 3248 ait.
2421 3177 2626 3266 Qod
2661 3173 2710 3247 fi
2756 3178 2932 3247 enim
2977 3172 3220 3264 sapien·
3255 3185 3419 3256 Prov.
3444 3193 3488 3259 1.
3530 3217 3584 3278 7.

322 3280 409 3332 na
452 3260 740 3336 eonfistn:
764 3267 831 3336 in
852 3269 1165 3359 regimine
1186 3268 1430 3342 nostrii
1478 3267 1603 3341 [ius
1624 3323 1647 3358 ‚
1678 3276 1741 3343 ἃ
1762 3273 2207 3345 moderamine
2251 3274 2682 3367 cupiditatum
2711 3275 2776 3343 δε
2805 3265 3164 3342 affectuum
3196 3292 3238 3344 5Δ

324 3361 374 3472 a·
398 3359 646 3433 timore
692 3364 819 3434 Dei
872 3366 1087 3435 omnis
1132 3363 1344 3437 nostra
1406 3298 1712 3462 (Epientia
1765 3370 2046 3463 incipere
2099 3368 2345 3450 debet3
2386 3367 2646 3461 prorsus
2696 3387 2775 3438 ut
2804 3417 2830 3454 ‚
2877 3368 2992 3457 qui
3043 3365 3221 3434 hunc

324 3474 639 3565 timorem
680 3485 764 3532 ex
808 3464 1031 3537 animo
1062 3459 1178 3533 suo
1204 3484 1505 3536 excutere
1532 3466 1817 3551 volunt,
1859 3466 2033 3543 idem
2056 3464 2293 3536 faciant
2314 3479 2356 3552 ‚'
2397 3466 2577 3557 quod
2623 3462 2870 3535 faciunt
2903 3462 2994 3534 illi
3034 3510 3060 3547 ,
3106 3460 3220 3554 qui

317 3578 394 3626 m
444 3551 703 3629 summa
750 3559 1129 3652 tempestate
1158 3560 1538 3633 Palinurum
1583 3586 1666 3635 ex
1702 3563 1855 3633 navi
1898 3563 2188 3655 ejiciunt.

524 3712 754 3784 Homo
801 3735 917 3787 aut
944 3715 1212 3805 ficunda
1262 3715 1533 3790 fortuna
1552 3717 1774 3790 'utitur
1798 3768 1822 3804 ‚
1860 3713 2255 3808 autadveaefi
2278 3709 2612 3810 affligitur.
2704 3713 2783 3786 In
2798 3709 3064 3803 secunda
3088 3711 3219 3782 for-

328 3831 495 3881 tuna
540 3810 785 3904 indiget
831 3814 1279 3887 moderatione
1301 3865 1324 3900 ‚
1375 3812 1510 3894 fine
1534 3841 1664 3910 qua
1695 3840 1819 3887 nec
1848 3841 2002 3887 vere
2028 3865 2050 3900 ,
2091 3840 2216 3886 nec
2240 3817 2353 3889 diu
2387 3813 2544 3887 felix
2587 3806 2706 3886 effe
2733 3808 2945 3908 potest
2974 3836 3000 3891 ὅ
3036 3807 3218 3910 quod

332 3910 718 3980 auctoritate
769 3909 1073 3982 omnium
1116 3910 1471 4004 sapientum
1504 3963 1528 4000 ‚
1577 3915 1936 3987 ratione&
1981 3915 2374 4007 experientia
2431 3912 2615 3985 facile
2637 3908 2874 4004 'potest
2915 3932 3219 4001 compro-

332 4004 495 4078 bari.
577 4008 674 4079 Ut
718 4028 939 4080 autem
996 4010 1063 4080 in
1113 4008 1397 4082 secundis
1438 4014 1603 4084 hanc
1630 4014 2168 4090 'moderationem
2228 4011 2438 4084 servet
2487 4062 2512 4098 ,
2574 4009 2637 4082 se
2699 4024 3040 4104 propterea
3079 4021 3218 4080 non

334 4098 603 4191 efferat,
634 4122 752 4177 aut
800 4102 1128 4177 insolescat
1162 4134 1184 4186 3
1225 4103 1369 4180 ficri
1414 4134 1549 4179 non
1582 4111 1835 4203 potest,
1902 4099 2025 4182 nisi
2088 4107 2446 4190 consideret
2510 4108 2861 4182 identidem
2916 4154 2940 4192 ,
2994 4103 3221 4175 Deum

336 4199 451 4273 effe
483 4253 507 4288 ‚
551 4203 589 4271 a
633 4226 768 4295 quo
803 4203 1038 4275 habeat
1062 4254 1086 4290 ,
1122 4204 1427 4298 quicquid
1464 4203 1659 4278 habet
1682 4236 1709 4291 ‚-
1742 4209 1854 4300 qui
1882 4209 2013 4278 ima
2046 4206 2312 4281 summis
2357 4210 2644 4302 quotidie
2679 4227 2932 4280 mutare
2982 4195 3218 4292 poffit3

337 4302 445 4387 qui
490 4302 742 4370 homini
793 4302 946 4373 nihil
990 4317 1221 4396 eorum
1261 4353 1283 4388 ,
1329 4329 1482 4397 quae
1515 4305 1605 4374 in
1646 4329 1800 4375 eum
1838 4305 2116 4378 contulit
2142 4355 2167 4391 ‚
2217 4305 2569 4385 debuerim
2625 4304 2738 4395 qui
2763 4303 3050 4373 adimere
3081 4291 3224 4387 poss

337 4392 415 4467 sit
444 4447 466 4482 ,
530 4398 795 4490 quando
844 4398 1177 4480 voluerit3
1233 4403 1346 4493 qui
1388 4420 1575 4473 tanto
1615 4403 1847 4496 majori
1888 4403 2030 4493 juro
2066 4403 2138 4486 ,id
2174 4401 2408 4490 faciet,
2455 4426 2588 4493 quo
2625 4400 2829 4491 magis
2876 4395 2950 4462 iis
2999 4389 3232 4461 abuta-

342 4510 447 4564 tur
482 4544 503 4578 ,
559 4495 643 4566 ad
696 4492 1149 4583 insolentiam,
1178 4495 1604 4591 superbiam,·
1630 4500 1963 4573 luxuriam
2006 4551 2027 4585 ‚
2079 4500 2646 4593 intemperantiam
2684 4499 2748 4565 &
2784 4489 3004 4564 omnis
2992 4493 3238 4648 as{ene-

347 4592 435 4666 xis
474 4591 720 4687 flagitia
742 4642 766 4679 ‚
822 4594 973 4667 Deo
1005 4643 1031 4681 ‚
1064 4597 1275 4668 omnis
1304 4593 1485 4671 bonii
1506 4595 1700 4688 fonti,
1731 4593 2182 4671 iniriiieiffima.
2253 4600 2401 4671 Ha‘c
2442 4612 2560 4667 aut
2587 4588 2776 4661 fimssi
2804 4579 2991 4679 persu
3083 4600 3245 4745 0ηὲξ

366 4725 371 4728 ·
1980 4695 2071 4767 Ii
2146 4714 2194 4770 2
3223 4747 3227 4751 .
