4188 5670
958 384 1105 466 45.
1366 380 1371 385 ·
2129 346 2202 425 Ο
2279 361 2640 426 33:121
2715 363 2768 421 o

934 514 1141 595 „vocis
1164 509 1419 610 pudet?
1468 508 1677 587 ‘Unde
1702 503 1967 580 tandem
2014 496 2356 593 desumpta
2380 494 2471 570 est
2502 491 2537 567 ἲ
2599 490 2963 589 Agnoscitis
2992 490 3069 577 A.
3101 490 3138 563 ὲ
3162 489 3347 565 scena
3370 492 3698 589 prodiifie
3724 546 3751 583 ,
3785 494 3898 571 uhi

931 614 1205 693 ‚actores
1257 614 1567 711 wita·
1594 660 1615 696 ,
1666 607 1836 678 aetio
1869 624 2105 675 eorum
2132 602 2446 693 ὑπόκρισις
2476 590 2725 667 Graecis
2748 584 3103 669 dicebatur.
3171 588 3435 663 Fatetur
3491 592 3714 687 igitur
3765 590 3891 667 De-

932 710 1318 785 ‚mosthenoe
1338 752 1366 797 ³
1414 709 1478 781 se
1524 688 1935 802 potiffimam
1988 689 2401 792 Eloquentiae
2445 712 2700 787 partem
2719 738 2745 778 ‚
2791 692 2997 763 immo
3040 704 3254 775 totam
3293 688 3479 762 fliam
3555 686 3890 787 Eloquen.

955 811 1153 895 tiam,
1187 834 1318 903 qua
1358 808 1687 881 Graeciam
1730 796 2099 875 universam
2155 790 2407 867 tamdiu
2444 788 2658 864 tenuit
2698 841 2726 878 ,
2764 790 3120 862 concitavit
3140 839 3165 877 ‚
3197 812 3332 882 quo
3378 788 3618 862 voluit
3661 789 3887 879 flexit,

957 911 1215 1001 rapuit3
1270 929 1471 1000 quam
1504 902 1865 986 AEschines‚
1900 919 1969 970 at
1997 914 2280 991 quantus
2313 893 2378 962 &
2432 888 2534 961 hic
2558 890 2828 961 orator!
2886 890 3126 959 imitari
3173 884 3235 958 se
3274 910 3410 959 non
3435 882 3636 983 polst
3683 886 3879 961 confi.

951 1024 1132 1078 tetur
1158 1057 1183 1092 ‚
1229 1005 1436 1077 scenae
1472 1022 1666 1097 atque
1695 996 2064 1072 Comuediae
2094 989 2352 1064 debere.
2438 986 2731 1061 Candide
2761 984 3016 1080 prorsus
3058 989 3123 1057 δε
3175 983 3348 1056 νει-ὲ.
3444 986 3532 1056 N
3533 1011 3663 1056 am
3714 990 3786 1058 Sc
3817 1012 3881 1061 a·

933 1104 1173 1183 hunde
1201 1126 1592 1177 noveramus
1626 1149 1650 1185 ,
1701 1094 2013 1193 quicquid
2046 1085 2518 1163 Demosthenes
2548 1109 2689 1179 prae
2728 1085 2975 1157 caeteris
3003 1086 3074 1155 in
3119 1083 3374 1166 actione
3409 1082 3884 1157 admirandum

957 1199 1189 1273 habuit
1216 1254 1236 1288 ,
1265 1201 1331 1273 id
1356 1203 1392 1270 a
1433 1202 1667 1291 Satyro
1695 1184 1983 1290 quodam
2034 1187 2347 1263 histrione
2367 1234 2393 1272 ‚
2431 1184 2502 1255 in
2537 1181 2723 1279 cujus
2771 1180 2836 1259 se
2882 1179 3276 1282 disciplinam
3348 1179 3686 1270 dederat,
3737 1205 3879 1259 eum

961 1295 1244 1372 haufiffe.
1639 1302 1655 1351 ἐ

1153 1452 1336 1541 Qid
1360 1452 1463 1523 ille
1487 1446 1928 1522 disertissimus
1969 1443 2247 1523 Romuli
2271 1461 2593 1538 nepotum
2624 1496 2647 1532 ,
2699 1442 2859 1538 quid
2900 1442 3133 1516 Cicero
3177 1436 3392 1512 noster
3416 1487 3439 1524 ‚
3485 1459 3634 1529 quo
3666 1427 3875 1546 nullus

960 1576 1256 1645 unquam
1282 1550 1364 1620 ad
1411 1547 1671 1632 perfecti
1707 1547 2010 1620 Oratoris
2050 1538 2330 1616 formam
2366 1545 2636 1638 propius
2670 1537 2979 1614 acceffit?
3055 1537 3248 1611 Unde
3292 1535 3524 1607 didicit
3553 1536 3872 1604 achonem

957 1650 1135 1723 illam
1170 1646 1352 1719 suam
1381 1643 1835 1719 admirabilem
1863 1697 1886 1730 ‚
1914 1644 2176 1739 plenam
2213 1641 2413 1713 animi
2445 1693 2467 1728 ,
2507 1643 2766 1735 plenam
2791 1640 3043 1734 spiritus
3071 1689 3094 1723 ,
3125 1637 3387 1730 plenam
3425 1633 3705 1713 doloris,
3741 1626 3861 1718 ple-

956 1771 1115 1821 nam
1143 1743 1487 1819 veritatis?
1516 1745 1681 1817 Non
1708 1744 1744 1814 a
1770 1741 2034 1814 summis
2065 1791 2081 1819 ,
2123 1765 2287 1833 quos
2312 1741 2565 1812 audivit
2601 1738 3004 1814 Oratoribus
3029 1787 3053 1823 ,
3091 1740 3389 1818 Antonia,
3426 1728 3665 1825 Craffi,
3698 1730 3853 1839 {Ior-

960 1843 1140 1934 tenfio
1164 1898 1187 1932 ‚
1245 1845 1551 1937 Sulpicio:
1607 1841 1712 1915 sed
1738 1896 1763 1933 ‚
1826 1843 2122 1914 audeone
2164 1841 2290 1937 hoe
2339 1841 2556 1912 dicere
2584 1891 2608 1927 ‚
2677 1841 2715 1909 a
2764 1840 2971 1911 Lucio'
2995 1835 3187 1926 Roscio
3227 1883 3252 1921 ‚
3297 1831 3532 1903 Gallo·
3551 1825 3853 1899 histrione.

954 1942 1166 2023 -Hunc
1203 1964 1517 2036 tanquam
1568 1958 2040 2035 praeceptorem
2078 1938 2261 2009 unite
2303 1939 2506 2011 coluit
2533 1990 2553 2024 ,
2610 1939 2784 2008 hunc
2826 1937 3079 2008 delicias
3123 1933 3262 2004 suas
3328 1929 3632 2010 vocavit,
3685 1922 3848 2030 12qu

967 2065 1178 2134 neque
1212 2040 1496 2112 videndo
1528 2064 1607 2110 ne
1622 2061 1739 2159 que
1774 2036 2098 2109 audiendo
2143 2033 2264 2106 fibi
2316 2060 2609 2131 unquam
2643 2033 2952 2107 satisfecit,
3044 2034 3198 2105 Hoc
3231 2048 3465 2122 agente
3488 2077 3509 2113 ‚
3545 2049 3619 2095 ne
3643 2020 3844 2136 (trept-

970 2158 1113 2211 tum
1151 2137 1411 2232 quidem
1435 2136 1598 2208 ferre
1624 2137 1840 2231 potuit
1863 2185 1882 2218 ‚
1915 2134 2100 2227 plane
2142 2153 2217 2206 ut
2251 2135 2582 2230 Populum
2611 2133 2956 2227 aliquando
2989 2183 3014 2218 ‚
3060 2129 3241 2222 quod
3267 2128 3506 2221 agente
3547 2130 3725 2209 Rq‘cto
3748 2133 3847 2183 tu-

970 2238 1255 2311 multum
1288 2231 1584 2308 movisset
1607 2286 1630 2322 ,
1660 2228 2031 2329 graviffima
2071 2228 2788 2324 oratione·reprefferit.
2873 2233 3050 2302 Cum
3094 2229 3218 2299 hoc
3252 2224 3685 2316 saepenumero
3725 2234 3848 2326 cet-

938 2330 1104 2406 'tare
1156 2334 1375 2405 solitus
1411 2329 1502 2403 est
1530 2382 1554 2418 ,
1620 2356 1842 2406 utrum
1879 2328 2006 2422 ipse
2046 2327 2279 2422 saepius
2336 2330 2611 2403 ea‘hdem
2640 2355 2787 2402 rem
2827 2330 3133 2402 oratione
3164 2323 3406 2396 divertit
3430 2369 3455 2406 ,
3511 2340 3590 2389 an
3611 2309 3844 2401 &scus

930 2518 939 2531 ,
969 2430 1264 2526 gestuum
1293 2434 1604 2503 varietate
1625 2485 1652 2521 ‚
1669 2429 2028 2524 exprimere
2042 2418 2270 2522 pulset.

1157 2564 1414 2655 Vellem
1451 2568 1528 2639 A.
1560 2538 1923 2640 vidiffemus
1951 2560 2233 2653 lepidam
2263 2560 2430 2631 hanc
2457 2583 2773 2654 pugnam.
2855 2548 3407 2655 Jucundiffimum
3460 2548 3652 2623 dubio
3695 2565 3840 2637 pro-

967 2662 1071 2736 cul
1096 2661 1221 2737 fuit
1261 2662 1692 2758 spenaculum
1712 2717 1731 2747 ,
1761 2667 1826 2736 &
1850 2662 2040 2734 omni
2084 2659 2430 2733 Comoedia
2455 2661 2697 2753 gratius
2725 2707 2749 2743 ,
2790 2659 3008 2729 virum
3058 2652 3324 2749 gravem
3357 2654 3421 2724 δι
3445 2646 3845 2724 Consularem

962 2786 1123 2833 cum
1147 2763 1448 2837 histrione
1480 2785 1838 2843 certantem
1887 2759 2157 2833 videre:
2196 2757 2410 2830 videre
2442 2756 2721 2829 alterum
2773 2754 3125 2827 innumeris
3165 2751 3378 2822 modis
3407 2776 3548 2824 rem
3590 2744 3844 2820 eandem

971 2859 1333 2963 dicentem,
1369 2863 1645 2937 alterum
1667 2861 1945 2936 totidem
1973 2857 2200 2929 formis
2254 2853 2759 2949 gesticulantem.

1134 3002 1278 3072 Sed
1303 3053 1326 3087 ‚
1359 3028 1443 3074 ne
1470 3004 1673 3089 jocari
1706 3005 1914 3076 mein
1936 3026 2004 3072 re
2031 3003 2218 3092 gravi
2252 2997 2492 3092 putetis
2524 3049 2544 3083 ,
2586 2997 3071 3092 quantumlibet
3120 2999 3238 3074 hoc
3271 2999 3609 3075 Ciceronis
3664 3001 3845 3068 certa·

920 3114 1113 3168 ,mm
1157 3096 1302 3170 leve
1330 3099 1612 3189 cuipiam
1640 3089 1935 3169 'videatur
1962 3125 1982 3176 3
2021 3097 2180 3166 illud
2212 3093 2638 3167 certissimum
2666 3095 2779 3182 est,
2814 3095 3069 3170 scenam
3101 3104 3426 3193 optimam
3453 3097 3686 3193 agendi
3720 3116 3845 3176 ma·

950 3191 1211 3286 gistrum
1238 3192 1359 3268 effe
1388 3248 1409 3281 ‚
1445 3196 1729 3286 nihilque
1763 3194 2180 3288 Eloquentiae
2206 3189 2490 3265 studioso
2521 3188 2639 3264 effe
2666 3192 3018 3268 consultius
3047 3245 3070 3281 ,
3114 3210 3322 3289 quam
3347 3221 3422 3270 ut
3464 3222 3549 3269 ex
3577 3196 3688 3267 illis
3711 3212 3842 3261 eam

952 3287 1248 3366 fontibus
1273 3315 1459 3386 petat
1483 3344 1503 3378 ‚
1536 3292 1709 3364 unde
1757 3290 1989 3365 summi
2023 3290 2357 3383 quondam
2416 3292 2737 3384 Oratores
2774 3317 2921 3364 eam
2966 3315 3185 3387 petere
3223 3291 3843 3375 neceffaritunduxe-

932 3411 1131 3468 ‹tunt-
1192 3392 1406 3466 ‚Certe
1432 3444 1455 3477 ‚
1497 3388 1706 3484 siqua
1745 3389 1967 3485 priscae
1997 3390 2407 3490 Eloquentiae
2457 3443 2479 3477 ‚
2510 3395 2668 3483 quae'
2717 3393 2951 3474 merito
2979 3393 3142 3465 inter
3197 3394 3531 3490 deperdita
3569 3409 3842 3462 numera·

951 3507 1059 3561 tur
1084 3541 1106 3576 ,
1166 3489 1597 3566 instaurandae
1629 3488 1762 3583 spes
1794 3488 1882 3562 est
1899 3518 1919 3570 3
1949 3512 2084 3561 non
2116 3487 2238 3558 alia
2270 3489 2371 3559 hic
2403 3488 2596 3561 nobis
2647 3487 2736 3560 est
2766 3491 2871 3560 via
2899 3490 3199 3572 calcanda
3246 3546 3269 3583 ‚
3315 3517 3514 3587 quam
3543 3491 3648 3562 illa
3679 3482 3835 3580 ipfin

946 3612 1154 3680 quam
1178 3587 1366 3680 prisci
1392 3606 1682 3662 tenentes
1709 3587 1791 3660 ad
1831 3589 2038 3675 illud,
2071 3586 2250 3682 quod
2287 3585 2420 3658 fine
2447 3579 2824 3677 imitationis
2853 3585 2957 3681 spe
2995 3589 3209 3663 mirati
3234 3591 3454 3663 sumus
3479 3583 3831 3670 adhuc,elo-

955 3688 1246 3773 quentiae
1275 3685 1599 3782 fastigium
1636 3709 2092 3780 pervenerunt.
2176 3679 2426 3756 Po’fl'em
2473 3685 2648 3756 enim
2681 3682 2872 3757 vobis
2898 3735 2920 3770 ‚
2954 3686 3027 3758 A.
3063 3689 3250 3786 plura
3289 3690 3484 3782 hujus
3524 3689 3617 3761 rei
3642 3701 3831 3756 exem·

894 3793 901 3798 '
946 3781 1060 3871 pla
1084 3780 1377 3873 proferre
1404 3835 1429 3870 ‚
1474 3804 1670 3875 atque
1705 3783 2035 3857 ostendere
2091 3836 2114 3870 ‚
2148 3786 2313 3855 hanc
2344 3782 2801 3877 pervulgatam
2855 3779 3031 3854 fuiffe
3064 3786 3424 3881 antiquitus
3465 3775 3832 3861 consuetudi-

920 3885 1105 3948 ‘nem
1134 3930 1155 3963 ,
1188 3900 1262 3949 ut
1286 3878 1488 3952 futuri
1546 3882 1869 3953 O.·atores
1923 3882 2097 3973 apud
2128 3883 2359 3952 Poetis
2406 3930 2427 3965 ‚
2466 3881 2778 3952 Comicos
2801 3879 3166 3973 praesertim
3212 3911 3288 3958 ac
3315 3887 3622 3982 Tragicos
3661 3875 3840 3959 ‚attis

932 3974 1323 4046 tirocinium
1367 3978 1766 4069 deponerent
1801 4004 1823 4056 3
1871 3978 2174 4068 idemque
2227 3973 2635 4047 &fluoribus
2653 3978 2818 4049 olim
2844 3975 3096 4051 scenam
3131 3979 3363 4071 fuifl‘e,
3402 3984 3587 4077 quod
3627 3974 3841 4053 Princi-

948 4068 1143 4166 pibus
1169 4123 1191 4157 ‚
1231 4074 1341 4163 qui
1375 4073 1458 4144 ad
1491 4072 1644 4145 bem
1674 4072 1865 4144 usum
1892 4089 2348 4167 praeparantur
2381 4121 2403 4156 ‚
2435 4076 2842 4147 ·venationes
2872 4077 3066 4149 hodie
3107 4082 3171 4153 8:
3203 4082 3520 4175 equestria
3579 4073 3843 4153 certami-

950 4193 1036 4241 na
1080 4165 1448 4242 effe'solent.
1549 4169 1678 4243 Sed
1700 4172 1845 4241 haec
1874 4170 2198 4257 duorum,
2243 4173 2695 4242 maximorum
2738 4171 2882 4266 post
2919 4176 3213 4251 homines
3242 4189 3456 4267 natos,
3495 4181 3846 4253 Oratorum

954 4269 1252 4361 exempla
1283 4270 1450 4340 tanti
1497 4265 1646 4340 sunt
1689 4267 1988 4362 ponderis
2014 4319 2037 4355 ,
2078 4290 2160 4342 ut
2190 4292 2392 4365 quem
2442 4269 2587 4341 haee
2640 4294 2779 4343 nun
2811 4294 3127 4348 moveant
3144 4325 3170 4366 ,
3207 4279 3385 4353 hunc
3409 4280 3578 4375 quid
3607 4273 3847 4351 tandem

950 4377 1220 4440 movere
1264 4359 1492 4460 polilt,
1527 4385 1662 4437 non
1685 4368 2022 4460 reperiam.

512 4601 521 4608 ,
579 4554 665 4608 De
680 4551 909 4628 Histrio-
1002 4569 1009 4576 ·
1142 4522 1232 4593 At
1280 4520 1381 4592 hic
1424 4520 1499 4606 A.
1537 4542 1765 4594 vereor
1789 4568 1811 4603 ‚
1852 4544 1936 4592 ne
1963 4522 2077 4612 qui
2108 4517 2234 4595 fint
2283 4524 2451 4596 inter
2486 4545 2604 4624 vos
2629 4511 2797 4618 ,qui
2848 4551 2930 4598 ex
2969 4552 3077 4602 me
3130 4546 3479 4624 quaerantt
3514 4527 3705 4620 Quid
3733 4523 3852 4619 agis

580 4633 739 4691 nibus
764 4635 859 4690 110-
912 4665 917 4672 -
950 4615 1352 4706 adolescens,
1407 4618 2377 4710 tune,Cornoedos,Histriones
2411 4672 2442 4720 ,q
2481 4623 2728 4705 Mimos
2769 4647 2856 4702 ‚ex
2897 4625 3310 4718 Eloquentiae
3336 4628 3658 4703 Studiosis
3697 4623 3850 4698 face-

583 4713 808 4776 dumis.
906 4738 1025 4786 «re
1048 4719 1293 4808 paras?
1363 4716 1649 4817 Egone?
1701 4714 2058 4791 Histriones
2088 4717 2123 4794 ξ’
2174 4720 2369 4822 Qog
2400 4718 2543 4794 ἕω
2579 4717 2737 4796 viles
2764 4721 2951 4798 m'os‘,
2987 4719 3102 4820 q'ui
3149 4727 3218 4798 i’n
3246 4723 3502 4799 scenam
3529 4715 3847 4824 prodttuht

2296 4864 2299 4867 -
3697 4839 3849 4894 mes·
