4188 5670
900 356 1054 453 ἐξα
1629 356 1761 427 De
1858 347 2452 457 Ssrumrrfru
2556 310 3207 416 Arn‘msnium

916 532 1085 610 ficile
1109 534 1217 607 est.
1325 534 1464 621 Qi
1498 532 1656 602 alios
1686 529 1875 621 seque
1906 525 2116 623 ipsum
2149 517 2483 618 cognoscit
2506 568 2530 605 ‚
2571 517 2867 613 ignorare
2885 512 3149 607 nequit,
3199 534 3598 611 quantopere
3625 509 3828 590 homo‘

919 634 1002 705 ad
1056 659 1254 705 omne
1295 656 1497 726 genus
1544 631 1869 701 malorum
1924 624 2381 719 propendeat3
2430 634 2597 712 quot
2655 615 2959 708 peccandi
3027 610 3390 686 occasiones
3462 609 3708 704 ubique
3744 619 3836 685 in—

920 734 1142 803 veniat
1166 760 1190 813 ,·
1235 748 1636 822 quantopere
1683 728 1721 795 a
1764 721 2225 817 cupiditatibus
2278 716 2632 808 abripiatur
2669 764 2691 799 ,
2740 739 2777 785 a
2829 713 3016 784 malis
3059 711 3368 804 exemplis
3420 707 3831 798 sollicitetur,

921 820 1133 922 pravis
1230 828 1567 918 colloquiis
1628 840 2083 916 corrumpatur
2136 870 2158 906 ,
2241 817 2417 888 inani
2484 811 2688 904 specie
2761 808 2922 882 boni
2988 807 3317 902 praesentis
3382 804 3638 879 fallatur
3693 857 3717 893 ‚
3799 805 3836 877 ὲ

919 924 1204 997 sensibus
1230 975 1253 1009 ,
1309 918 1649 995 affectibus
1687 972 1709 1008 ,
1758 919 2103 1014 pravisque
2153 906 2757 988 ratiocinationibus
2803 926 3191 979 excaecetur.
3274 907 3404 978 Hic
3453 901 3835 981 validiffimo
3879 992 3882 995 Α

915 1023 1131 1097 fraeno
1183 1048 1347 1115 opus
1401 1021 1490 1091 est
1515 1062 1537 1105 ‚-
1586 1045 1720 1113 quo
1765 1020 1969 1089 homo
2011 1018 2049 1086 a
2103 1013 2280 1086 malo
2306 1007 2665 1082 identidem
2712 1007 3075 1077 retrahatur
3097 1034 3124 1088 ,-
3176 1003 3507 1097 nihilque,
3553 1003 3732 1095 quod
3759 1003 3837 1075 ad

921 1124 1086 1194 hanc
1133 1145 1273 1191 rem
1312 1115 1547 1194 efficax
1595 1115 1712 1190 effe
1759 1114 1970 1209 potest
2001 1164 2025 1201 ‚
2072 1108 2557 1206 negligendum.

1118 1273 1275 1345 Tria
1314 1287 1537 1343 aut3m
1587 1264 1738 1337 sunt
1793 1259 2198 1359 potiffimum
2235 1313 2259 1349 ‚
2302 1285 2456 1355 quae
2502 1258 2836 1329 hominem
2862 1254 2897 1325 ὲ
2930 1256 3102 1329 malo
3151 1254 3512 1337 absterrent
3556 1286 3577 1328 .·
3625 1278 3829 1333 metus

930 1378 1265 1468 ignominia
1296 1399 1319 1451 ,-
1365 1390 1579 1440 metus
1606 1363 2109 1437 incommodormn
2139 1358 2228 1449 ἐξ)
2272 1360 2568 1431 malorum
2592 1407 2616 1442 ‚
2672 1378 2825 1447 quae
2871 1360 3114 1426 crimen
3170 1354 3328 1451 post*
3359 1351 3422 1424 se
3473 1360 3720 1440 trahit3
3776 1364 3835 1429 in

933 1468 1172 1562 quibus
1208 1467 1450 1540 eminet
1498 1462 1771 1551 υὶζιᾶἱὲἶα
1795 1514 1819 1549 ,
1863 1487 2017 1534 cum
2057 1467 2309 1553 privata
2349 1478 2501 1528 tum
2556 1452 2816 1548 publica
2838 1481 2866 1535 ‚-
2920 1457 2983 1525 δι
3034 1451 3310 1546 denique
3364 1461 3578 1527 metus
3619 1463 3835 1527 Numi-

934 1576 1031 1655 nis,
1045 1618 1069 1654 ,
1112 1566 1288 1659 quod
1333 1581 1516 1656 regat
1563 1586 1765 1656 genus
1803 1564 2218 1643 humanum',
2258 1553 2642 1647 bonumque
2683 1570 3133 1623 remuneretur
3183 1555 3251 1624 ἃ
3299 1549 3545 1649 malum
3588 1556 3827 1645 puniat.

1128 1717 1291 1788 Non
1330 1712 1633 1808 equidem
1680 1715 2051 1807 negaverim
2064 1763 2101 1811 ‚²
2142 1728 2397 1806 metum
2448 1713 2780 1806 ignomniae
2829 1710 2892 1779 ἃ
2925 1703 3213 1782 infamiae
3242 1759 3267 1794 ,
3323 1711 3613 1787 multum
3669 1708 3830 1804 apud

936 1813 1271 1908 plerosque
1315 1814 1660 1884 hominum
1717 1806 1888 1905 poffe
1916 1826 2061 1896 ‚“=ut
2101 1810 2214 1901 qui
2253 1810 2413 1882 nihil
2470 1807 2678 1902 magis
2732 1807 3006 1899 cupiunt
3037 1857 3060 1892 ‚
3110 1831 3311 1898 quam
3359 1826 3436 1878 ut
3495 1813 3714 1903 magni
3763 1807 3825 1880 fi-

937 1934 1053 2016 ant
1097 1919 1159 1983 &
1213 1912 1575 1983 laudentur.
1681 1908 1805 1982 Sed
1854 1933 1973 1981 nec
2009 1905 2282 1995 desunt,
2307 1908 2421 2001 qui
2448 1926 2564 1979 aut
2599 1925 2866 1998 propter
2902 1902 3268 1998 superbiam
3310 1924 3425 1976 aut
3457 1905 3778 1998 stuporem
3803 1955 3824 1991 ‚

937 2028 1052 2081 aut
1091 2027 1352 2103 propter
1394 2008 1867 2101 impudentiam
1895 2054 1919 2091 ,
1962 2004 2135 2098 saepe
2174 2006 2504 2098 peccando
2542 2007 2942 2078 contradtam
2966 2053 2989 2089 ,
3039 2003 3319 2074 aliorum
3370 2002 3452 2074 de
3499 2003 3562 2074 se
3606 2004 3826 2097 judicia

934 2108 1291 2201 negligunt.
1376 2108 1524 2178 Nec
1582 2100 1927 2178 verisimile
1965 2102 2056 2174 est
2089 2154 2112 2190 ,
2170 2105 2354 2193 illum
2416 2105 2531 2173 diu
2595 2103 2872 2174 aliorum
2941 2101 3284 2172 hominum
3330 2102 3581 2193 judiciis
3613 2106 3677 2176 δε
3723 2102 3824 2171 lin-

934 2207 1076 2297 guis
1122 2208 1423 2278 territum
1474 2203 1551 2274 iri
1574 2253 1597 2289 ‚
1645 2200 1756 2294 qui
1799 2224 2068 2271 omnem
2119 2203 2430 2273 Numinis
2473 2221 2735 2272 metum
2781 2195 3055 2270 excusfit
3078 2247 3103 2283 ,
3155 2224 3358 2292 eaque
3404 2224 3559 2292 quae
3608 2203 3688 2274 de
3733 2221 3815 2271 re-

902 2303 1171 2395 ligione
1208 2304 1510 2375 dicuntur
1538 2350 1565 2387 ‚
1617 2323 1738 2394 pro
1783 2299 1964 2371 vanis
2019 2300 2552 2371 terriculamentis
2597 2296 2816 2369 habet.

1128 2452 1253 2524 Sed
1298 2456 1658 2545 ponamus,
1698 2448 1989 2522 Atheum
2007 2498 2032 2534 ,
2058 2472 2258 2540 quem
2287 2449 2444 2522 nihil
2473 2449 2695 2526 divina
2741 2472 2969 2526 movet
3018 2452 3456 2527 remuneratio
3512 2454 3580 2523 &
3617 2452 3768 2523 ultio
3793 2475 3816 2517 2

913 2551 1343 2645 -imaginariae
1369 2549 1607 2643 gloriae,
1635 2571 1858 2637 amore
1910 2547 2139 2642 tangi,
2174 2544 2463 2622 infamiae
2508 2568 2690 2622 metu
2726 2553 2966 2622 terreri.
3079 2552 3209 2622 Hic
3256 2572 3469 2622 metus
3520 2575 3667 2621 eum
3695 2559 3815 2618 non

932 2668 1071 2719 tam
1111 2651 1146 2718 a
1196 2649 1366 2719 vitiis
1410 2651 1475 2719 &
1518 2643 1892 2717 criminibus
1928 2645 2212 2719 retrahet
2243 2697 2268 2733 ,
2319 2671 2520 2740 quam
2557 2651 2640 2720 ad
2697 2672 2774 2721 ea
2818 2644 3158 2720 studiosius
3201 2650 3466 2720 celanda
3518 2643 3804 2718 incitabit·

924 2744 1195 2840 ⁸Notum
1266 2767 1486 2844 autem
1553 2742 1643 2815 est
1690 2794 1714 2830 ‚
1792 2766 1991 2835 quam
2048 2739 2177 2816 fint
2237 2746 2532 2818 homines
2589 2749 2664 2819 in
2712 2750 2832 2818 hac
2899 2773 2970 2819 re
3034 2743 3357 2820 artificiosi
3433 2744 3813 2817 historiones·¹

824 2883 831 2892 ·
928 2843 1124 2914 Aliud
1180 2841 1373 2930 sunt,
1427 2841 1602 2914 aliud
1652 2840 1769 2915 effe
1808 2841 1880 2915 vi
1902 2843 2115 2913 lentur
2159 2872 2182 2924 3
2226 2840 2646 2921 blandiuntur
2699 2844 2823 2917 fibi
2856 2845 2960 2938 spe
3009 2843 3246 2939 flagitia
3297 2846 3604 2927 celandi3
3647 2841 3810 2915 facile

931 2940 1203 3010 credunt
1226 2991 1250 3026 ‚
1296 2942 1453 3016 vitia
1499 2966 1698 3034 quam
1737 2942 2022 3010 maxime
2073 2945 2367 3033 patentia
2394 2946 2519 3016 toti
2567 2946 2714 3020 orbi
2753 2942 2942 3036 poffe
2974 2938 3300 3020 abscondi.

1119 3083 1421 3198 Dffnique
1470 3088 1654 3176 quod
1693 3088 1795 3160 ¹²30
1837 3088 2249 3184 potiffimum
2294 3090 2831 3168 considerandum
2860 3149 2882 3185 ,
2929 3104 3194 3174 crimina
3221 3104 3284 3173 ἃ
3311 3098 3558 3196 flagitia
3607 3098 3675 3167 in
3713 3113 3818 3185 po-

925 3182 1088 3278 pulo
1136 3184 1353 3274 aliquo
1405 3205 1541 3253 non
1585 3186 1824 3257 diutius
1867 3188 2299 3282 ignominiosa
2348 3188 2669 3265 habentur
2695 3243 2720 3279 ‚
2770 3221 2970 3288 quam
2995 3203 3155 3271 dum
3195 3198 3344 3272 sunt
3366 3198 3633 3292 plurimi
3666 3245 3686 3276 ‚
3717 3188 3819 3284 qui

926 3279 1011 3351 ab
1065 3283 1137 3353 iis
1183 3279 1553 3353 abhorrent.
1637 3283 1768 3355 Hic
1813 3312 1974 3358 vero
2009 3288 2240 3358 horror
2286 3311 2366 3359 eo
2401 3292 2605 3383 magis
2655 3292 2999 3385 decrescit,
3041 3323 3174 3390 quo
3227 3300 3435 3391 magis
3479 3293 3695 3366 crescit
3735 3289 3822 3359 A·

925 3379 1252 3452 thssffimls·
1344 3381 1483 3469 Qi
1536 3382 1709 3453 enim
1747 3384 1969 3456 Deum
2008 3381 2126 3456 effe
2181 3410 2318 3455 non
2378 3387 2694 3476 credunt,
2742 3393 3020 3466 utilitate
3067 3399 3132 3467 δι
3177 3395 3470 3489 praesenti
3522 3390 3820 3479 volupta-

924 3484 1237 3586 teomnia
1259 3483 1619 3566 metiuntur
1647 3533 1668 3569 2
1718 3485 2101 3578 nullumque
2153 3483 2491 3556 discrimen
2536 3486 2782 3559 honesti
2817 3492 2882 3561 &
2906 3497 3112 3586 turpis
3135 3491 3487 3589 agnoscunt
3518 3518 3539 3570 3
3570 3513 3611 3560 a
3645 3483 3819 3557 nullo

926 3578 1192 3688 essmjsse
1222 3629 1241 3659 2
1291 3578 1657 3745 (glriunmodo
1703 3584 1860 3658 utile
1908 3585 2207 3657 videatur
2243 3586 2307 3654 ἃ
2350 3584 2713 3673 jucundum
2765 3634 2792 3673 ,
2841 3587 3242 3675 abhorrent3
3293 3593 3358 3664 &
3412 3610 3565 3664 cum
3625 3588 3820 3659 Bruto

924 3692 1248 3747 morituro
1372 3695 1529 3749 cunt
1567 3728 1595 3763 ‚
3257 3697 3262 3702 ·
3717 3686 3738 3718 .-

1325 3838 1410 3901 Te
1444 3833 1772 3931 sequimur
1787 3881 1814 3918 ‚
1848 3838 2054 3904 virtus
2073 3880 2102 3917 ,
2147 3849 2226 3904 ut
2263 3859 2390 3907 rem
2412 3884 2437 3920 ,
2469 3831 2589 3922 fi’d
2624 3859 2836 3907 nomen
2882 3847 3059 3913 Inane
3101 3869 3174 3914 es.

1044 4050 1053 4061 ,
1120 3983 1211 4053 At
1242 3982 1361 4052 alia
1393 4033 1413 4065 ,
1454 3981 1665 4074 inquis
1693 4032 1719 4069 ‚
1764 3980 1911 4054 sunt
1952 3986 2373 4058 incommoda
2415 3991 2480 4060 δι
2523 3992 2694 4064 mala
2744 4017 2896 4085 quae
2947 3997 3322 4073 hominibus
3378 4003 3414 4074 ὲ
3453 4001 3629 4078 vitiis
3686 4003 3819 4079 abss

916 4080 1233 4151 terrendis
1278 4075 1624 4192 sufficiunt.
1670 4176 1684 4192 ι
1713 4081 2291 4175 Intemperantiam
2325 4082 2686 4178 sequuntur
2722 4088 2941 4162 morbi
2978 4094 3042 4165 δε
3065 4095 3367 4180 dolores3
3409 4103 3648 4177 luxum
3671 4126 3823 4197 pau-

921 4195 1134 4288 pertas
1185 4202 1210 4256 ‚-
1252 4172 1614 4288 superbiam
1666 4179 1907 4249 mvidia
1971 4208 1994 4260 3
2046 4180 2422 4274 injustitiam
2476 4190 2704 4260 odium
2735 4218 2762 4270 ,-
2813 4191 3250 4269 temeritatem
3306 4193 3586 4290 pericula
3610 4232 3640 4285 ,-
3690 4226 3830 4296 per·

914 4272 1146 4345 fidiam
1188 4297 1466 4365 perjuria
1507 4324 1531 4361 ,
1592 4270 1848 4348 fraudes
1892 4279 2265 4354 universalis
2321 4287 2624 4360 omnium
2666 4285 3015 4360 hominum
3061 4292 3424 4370 diffidentia
3444 4348 3472 4384 ‚
3536 4302 3605 4371 &
3675 4323 3826 4394 quae

919 4370 1070 4442 sunt
1100 4372 1296 4464 hujus
1340 4373 1588 4467 generis
1649 4375 1856 4448 multa
1892 4377 2042 4454 alia.

1033 4523 1051 4633 ζ
1115 4518 1430 4639 Βεᾶῴεεο
1473 4529 1645 4602 mala
1694 4533 1758 4604 &
1799 4532 2220 4610 incommoda
2272 4566 2412 4615 non
2473 4483 2719 4638 semper
2764 4542 3005 4640 flagitia
3038 4552 3109 4620 in
3161 4547 3256 4619 his
3291 4554 3477 4627 terris
3525 4546 3830 4626 comitari

917 4621 982 4690 8:
1028 4613 1273 4714 insequi
1318 4621 1545 4701 solent.
1620 4628 1813 4726 Unde
1842 4639 2212 4712 communis
2244 4639 2351 4713 illa
2395 4643 2657 4735 querela
2680 4693 2706 4733 ‚
2736 4643 2930 4721 bonis
2973 4647 3046 4720 311
3077 4646 3173 4720 ως
3219 4650 3405 4748 terris
3439 4652 3612 4729 male
3631 4700 3660 4739 ‚
3688 4670 3834 4814 mg}
