4188 5670
961 372 1111 446 400
1485 350 3239 435 stsrnr.Derrzon1s.·

583 497 917 605 '‘vfffmf.
969 508 1102 612 Vm·
1122 505 1482 583 austeritate
1504 509 1941 605 comprobant
1960 565 1982 601 ²
2028 509 2210 608 quasi
2238 539 2402 590 veto
2434 540 2571 592 non
2596 518 2817 598 liceret
2842 517 3052 594 dicere
3068 565 3092 603 ‚
3107 494 3298 607 mein
3318 516 3520 590 tacere
3534 562 3563 599 ‚
3611 511 3746 586 nisi
3775 537 3885 585 an-

582 603 916 725 ’Ζΐᾟῗ
966 619 1033 673 ¹²0
1056 601 1232 677 idem
1259 608 1579 701 Alpbonsm
1615 614 1966 708 Arragona
2004 621 2135 703 &x
2148 666 2172 701 ‚
2234 634 2352 688 aut
2371 616 2672 716 Agesilaus
2698 626 2924 716 immo
3023 641 3100 692 us
3125 612 3392 688 dixifl'et.
3449 612 3607 702 Qui
3633 611 3900 705 quidem

583 685 920 833 :omssgbzf
971 718 1261 776 oratores
1289 702 1458 801 saepe
1481 733 1620 780 non
1647 707 1863 781 minus
1887 710 2013 783 risu
2040 711 2218 806 digni
2258 711 2450 804 finnt,
2503 734 2700 812 atque
2729 717 2838 792 ffle
2861 637 3058 805 alleg,
3091 712 3207 808 qui
3226 718 3300 787 in
3321 714 3682 789 convivio
3714 708 3890 781 soda-

587 849 659 894 η,
973 797 1064 869 les
1088 801 1170 872 ad
1193 803 1588 877 hilaritatem
1625 807 2062 897 excitaturus,
2103 813 2194 883 ita
2219 812 2501 905 graviter
2529 817 2852 894 ordiretur
2888 843 2905 887 z
2953 823 3104 895 Non
3125 820 3328 889 minus
3374 836 3527 902 vere
3563 832 3769 912 quam
3785 806 3883 879 ele-

844 1007 849 1012 ·
966 916 1186 992 gauter
1214 902 1531 993 Venusinus
1555 905 1697 979 Olor
1717 935 1738 976 .·
1779 914 1974 981 Nunc
1988 959 2011 996 ,
2070 914 2276 1009 inquit
2292 961 2316 998 ‚
2362 918 2441 1007 est
2472 910 2821 988 bibendum.

986 1097 1003 1108 ι
1162 1042 1491 1136 Magnam
1520 1066 1838 1136 praetetea
1865 1051 2230 1122 orationem
2256 1054 2472 1142 parvis
2496 1050 2692 1124 rebus
2717 1069 2944 1144 aptant
2968 1073 2989 1129 3
3021 1051 3307 1142 quorum
3333 1053 3398 1122 in
3417 1048 3748 1124 Cmoeditk
3772 1052 3882 1125 ser·

582 1121 841 1263 53⁶8·
970 1160 1095 1209 vus
1119 1137 1413 1232 loquitur
1435 1193 1459 1230 ,
1508 1163 1584 1217 ut
1610 1144 1907 1237 Oedipus
1928 1147 1998 1215 in
2023 1147 2374 1242 Tragoedia
2405 1177 2432 1220 ι
2463 1149 2532 1220 in
2565 1172 2853 1243 quorum
2879 1150 3100 1244 Eclogis
3118 1149 3392 1240 Tityrus
3411 1149 3725 1243 loquitur
3748 1202 3771 1237 ,
3809 1171 3881 1222 ut

583 1226 907 1346 ,ἱζηηξζῖζ
965 1236 1240 1310 AEneas:
1276 1241 1346 1312 in
1383 1266 1670 1335 quorum
1701 1241 2015 1338 Tragoediis
2040 1254 2262 1320 nutrix
2286 1270 2437 1319 cum
2465 1248 2690 1324 Medea
2739 1248 2822 1321 cle
2848 1244 3246 1336 sublimitate
3272 1245 3873 1342 sententiarumque

585 1373 682 1427 vis
700 1307 861 1428 rebgs
967 1331 1452 1431 magnificentia
1476 1359 1719 1415 certare
1742 1340 2003 1413 videtur
2031 1371 2048 1412 :
2098 1348 2211 1441 qui
2246 1346 2314 1416 in
2340 1346 2518 1442 elegia
2547 1346 2641 1419 ita
2667 1345 2825 1419 flent
2846 1395 2872 1430 ‚
2911 1364 2987 1417 ut
3011 1345 3328 1418 Hercules
3353 1345 3586 1419 furens
3613 1344 3874 1420 baccha-

589 1465 798 1536 aptare.
964 1452 1120 1514 tur3
1179 1438 1292 1529 qui
1312 1437 1379 1508 in
1404 1442 1641 1532 epistolii
1645 1440 2070 1537 familiaribus
2093 1448 2184 1520 ita
2210 1445 2569 1537 loquuntur
2587 1495 2611 1532 ,
2645 1464 2964 1535 tanquam
2993 1439 3040 1513 fi
3069 1445 3136 1516 in
3165 1445 3410 1519 Senatu
3438 1450 3564 1516 aut
3591 1471 3719 1540 pro
3748 1446 3870 1518 Ro·

963 1531 1103 1604 stris
1124 1531 1413 1609 dicerent
1435 1563 1453 1606 2
1475 1581 1479 1585 -
1502 1542 1615 1630 qui
1656 1539 1942 1638 colloquia
1968 1537 2237 1633 fingunt
2265 1591 2287 1627 ‚
2320 1543 2535 1635 qualia
2569 1569 2722 1616 cum
2753 1538 3078 1615 Diissunt
3115 1542 3569 1636 Sibyllarum,
3621 1545 3865 1639 quoties

888 1739 897 1748 -
968 1631 1230 1712 oracula
1251 1632 1614 1722 consulunt.
1694 1636 1783 1710 Et
1809 1642 1954 1735 quis
1978 1664 2208 1736 omnes
2227 1641 2298 1714 in
2320 1641 2489 1714 hanc
2514 1645 2766 1736 partem
2785 1660 3119 1736 peccantes
3146 1660 3566 1718 enumeraret
3599 1638 3636 1713 ?
3729 1701 3741 1713 .

1080 1865 1083 1870 ,
1156 1788 1445 1865 Alterum
1470 1796 1715 1865 meteori
1729 1811 1908 1887 genus
1926 1816 2065 1866 non
2094 1793 2163 1862 in
2186 1815 2265 1863 eo
2296 1806 2518 1882 peccat
2573 1790 2781 1884 ,quod
2809 1790 3039 1862 humili
3069 1808 3471 1882 argumento
3501 1789 3856 1866 orationem

587 1869 841 2012 :gam
974 1886 1432 2002 “fagnfficamv
1459 1891 1719 1985 f'ffamis
1750 1909 1829 1962 ut
1850 1889 2216 1986 loquuntur
2236 1939 2258 1975 ²
2311 1890 2596 2005 Herculi}
2616 1889 2930 1963 cothurnos
2956 1906 3178 2003 aptat,
3224 1885 3332 1960 sed
3367 1889 3554 1983 quod
3587 1888 3650 1958 in
3673 1909 3851 2004 gran-

579 2052 778 2113 ganas,
796 2047 918 2089 cum
948 1985 1038 2066 rh
1062 2007 1453 2080 argumento
1468 2037 1492 2072 ,
1534 1986 1754 2077 vitiosi:
1781 1984 1859 2059 stt
1873 1988 2231 2079 sublimitas
2261 2006 2613 2060 oratioms:
2643 1988 2745 2067 Ita
2766 2012 2971 2062 omne
2996 1986 3157 2059 mad
3180 2011 3356 2061 voco
3374 2038 3400 2076 ,
3436 1987 3600 2088 quod
3615 1981 3846 2083 ‹1111an

585 2123 645 2175 3.
658 2115 868 2193 granda·
970 2083 1116 2158 dam
1122 2083 1389 2175 sublime
1407 2084 1696 2174 videtur,
1712 2084 1833 2176 scd
1848 2112 2064 2161 revera
2090 2113 2208 2162 non
2235 2089 2333 2180 est.

586 2278 797 2356 vitiosa
848 2275 919 2355 est
1161 2240 1324 2328 QO
1349 2238 1417 2308 in
1441 2256 1675 2331 genere
1698 2253 1971 2329 peccant
1992 2235 2208 2331 primo
2231 2234 2276 2305 ii
2299 2285 2319 2322 ,
2353 2233 2604 2329 quibusv
2601 2229 2865 2326 sublime
2898 2255 3097 2305 omne
3141 2233 3207 2308 id
3238 2233 3366 2321 est,
3406 2231 3581 2326 quod
3606 2225 3697 2299 est
3720 2224 3843 2315 abs:

572 2362 896 2441 sublimitas
972 2360 1208 2412 curum.
1295 2340 1545 2427 Quaere
1572 2354 1655 2403 ex
1673 2334 1772 2405 his
1787 2385 1812 2420 ,
1847 2338 2119 2431 quinam
2149 2351 2439 2406 oratores
2465 2333 2592 2405 sint
2624 2335 2911 2405 masinae
2950 2331 3288 2420 sublimes,
3314 2334 3688 2427 Panegyricos
3712 2332 3838 2393 Cae·

520 2442 529 2446 ’
585 2447 874 2503 orationis·
956 2434 1175 2526 sarum
1199 2455 1317 2510 aut
1349 2429 1795 2507 Tertullianum
1820 2430 2237 2507 noninabunt
2254 2480 2278 2517 ,
2311 2451 2427 2505 aut
2448 2435 2834 2504 recentiores
2864 2431 3186 2524 quosdam
3215 2433 3438 2504 horum
3461 2427 3824 2498 imitatores.

585 2531 918 2626 {¹5⁶men'
974 2534 1158 2622 Qid
1191 2531 1455 2608 Cicero?
1483 2536 1711 2623 Quem
1740 2549 1816 2604 tu
1846 2533 2008 2606 mihi
2034 2533 2375 2604 Ciceronem
2401 2555 2643 2616 narras,
2674 2530 2858 2623 cujus
2884 2530 3099 2602 oratio
3119 2531 3224 2601 vel
3255 2532 3292 2600 a
3330 2527 3532 2622 pueris
3551 2519 3833 2613 intelligi-

586 2629 630 2664 ¹¹
652 2608 854 2748 qmb‘ff
975 2652 1085 2706 tur
1110 2634 1152 2703 ?
1194 2633 1276 2705 In
1303 2632 1562 2705 historia
1596 2631 1790 2727 longe
1821 2638 2059 2706 Tacitm
2082 2637 2262 2704 Livio
2288 2629 2379 2702 est
2399 2628 2735 2702 sublimior
2758 2658 2779 2710 3
2806 2629 3119 2723 quoniam
3146 2629 3252 2700 hic
3274 2628 3465 2722 longe
3493 2620 3719 2696 facilius
3747 2621 3841 2689 iu-

570 2708 803 2848 ῘΞῘΣᾸ
839 2715 911 2847 {fi
975 2732 1305 2827 telligitur.
1394 2732 1473 2804 In
1506 2732 1737 2822 Satyra
1764 2727 2012 2805 Perfius
2057 2747 2287 2824 regnat
2308 2780 2331 2817 ‚
2373 2730 2487 2823 qui
2533 2728 2648 2800 vix
2674 2728 2818 2822 post
2845 2744 2951 2800 tot
2995 2723 3525 2800 doctiffimorum
3562 2721 3842 2832 virorum

572 2850 831 2930 sublim.
977 2833 1482 2906 commentarios
1508 2829 1648 2924 capi
1680 2828 1913 2921 potest.
1983 2831 2350 2916 Mirantur,
2411 2828 2480 2899 in
2516 2828 2718 2923 Epico
2760 2828 3046 2900 carmine
3079 2825 3322 2923 Virgilio
3351 2823 3584 2917 primas
3608 2815 3798 2890 tribur
3819 2868 3842 2904 ,

980 2931 1095 3022 qui
1119 2929 1341 3002 multo
1367 2932 1450 3004 est
1476 2927 1806 3002 intellectu
1826 2925 2075 3002 facilior
2101 2935 2381 3012 Lucano,
2406 2932 2606 3000 Statio
2623 2978 2645 3014 ,
2692 2927 3035 2999 Claudiano
3052 2975 3076 3011 ‚
3122 2923 3444 2997 Prudentia
3462 2972 3487 3008 ‚
3524 2921 3588 2991 ἃ
3613 2917 3847 2989 hodier-

948 3029 1077 3101 *nis
1107 3028 1623 3120 quamplurimis.
1730 3033 1988 3100 Horatii
2013 3026 2171 3097 odas
2195 3044 2626 3098 contemnunt
2650 3075 2673 3110 ,
2719 3024 3032 3115 quamdiu
3070 3025 3379 3117 capiunt:
3421 3041 3571 3092 tum
3596 3016 3846 3088 demum

970 3127 1248 3202 Poetam
1274 3125 1720 3212 admirantur,
1776 3148 1930 3197 cum
1952 3126 2012 3202 is
2050 3148 2134 3194 ex
2161 3122 2507 3216 conspectu
2529 3119 2650 3195 suo
2685 3119 2752 3194 se
2773 3121 3079 3198 subducit
3112 3142 3129 3188 t
3174 3142 3321 3195 tum
3347 3146 3506 3197 vero
3530 3112 3799 3188 sublimis
3817 3159 3841 3196 ι

972 3247 1121 3307 tum
1149 3223 1305 3298 alter
1325 3223 1617 3300 Pindum
1642 3223 1750 3298 est.

1168 3367 1400 3441 Mirari
1443 3366 1672 3459 aliquis
1717 3360 1958 3461 posset,
2002 3367 2178 3437 unde
2207 3365 2336 3438 hoc
2386 3360 2761 3436 hominibus
2807 3364 2878 3436 in
2912 3382 3210 3437 mentem
3263 3364 3490 3436 venire
3529 3358 3805 3456 potuerit
3822 3406 3845 3441 ‚

590 3470 790 3530 ΝΜ
831 3485 920 3526 er-
979 3488 1059 3542 ut
1082 3469 1149 3542 δι
1170 3462 1289 3560 ipfi
1314 3466 1386 3538 in
1409 3463 1800 3539 obscuritate
1823 3465 2099 3558 gloriam
2130 3481 2539 3558 quaererent,
2585 3466 2650 3535 &
2681 3465 2960 3535 aliorum
2986 3460 3452 3535 obscuritatem
3477 3463 3847 3534 admiraren-

582 3557 732 3609 roris
760 3548 914 3629 ‘ms‘
981 3589 1089 3640 tur
1113 3615 1142 3653 ,
1175 3588 1330 3636 cum
1368 3564 1579 3636 oratio
1612 3561 1807 3635 nobis
1829 3588 1964 3634 non
1990 3563 2069 3633 ad
2098 3560 2500 3635 obscuranda
2524 3610 2546 3646 ‚
2578 3560 2686 3632 sed
2718 3562 2802 3634 ad
2826 3558 3265 3655 patefacienda
3290 3563 3488 3633 animi
3518 3558 3691 3635 sensa
3712 3557 3844 3629 data

571 3630 668 3708 Ι*
979 3659 1120 3736 fit?
1168 3662 1414 3733 Multas
1432 3662 1555 3733 rhic
1577 3685 1756 3733 error
1787 3656 2021 3733 cauffas
2047 3658 2267 3732 habet.
2321 3661 2766 3751 Praeterquam
2805 3663 2986 3732 enim
3009 3709 3035 3747 ‚
3068 3659 3250 3753 quod
3282 3658 3533 3752 semper
3569 3685 3642 3731 ea
3666 3652 3846 3744 majo-

983 3785 1057 3832 ra
1083 3757 1405 3832 habentur
1426 3811 1449 3848 ‚
1477 3784 1630 3853 quae
1663 3759 1909 3830 latent:
1940 3758 2308 3830 existimant
2333 3758 2600 3851 quidam
2623 3808 2645 3842 ‚
2692 3760 3029 3829 auctorem
3048 3806 3072 3844 ‚
3125 3761 3236 3851 qui
3271 3755 3517 3829 librum
3549 3756 3739 3829 suum
3767 3752 3851 3822 in-

981 3856 1210 3950 telligit
1232 3907 1252 3942 ‚
1284 3875 1392 3943 te,
1444 3860 1556 3949 qui
1592 3881 1726 3927 non
1748 3856 2089 3949 intelligis,
2117 3854 2454 3943 necessario
2482 3857 2610 3926 hoc
2631 3855 2767 3948 ipso
2805 3852 2926 3927 effe
2949 3853 3023 3925 su
3105 3859 3341 3928 riorem
3369 3882 3390 3934 3
3437 3858 3622 3946 capit
3647 3851 3809 3926 enim
3830 3896 3851 3932 ,

987 3955 1166 4050 quod
1190 3974 1265 4025 tu
1289 3979 1425 4027 non
1452 3954 1620 4048 capis
1644 3982 1674 4034 3
1704 3954 1854 4040 alii,
1892 3957 2044 4046 quia
2064 3957 2132 4026 in
2155 3954 2427 4046 pueiitia
2454 3951 2789 4043 scriptores
2827 3977 2980 4026 vere
3009 3880 3307 4025 (glebiimes
3349 3953 3709 4048 intelligere
3733 3969 3857 4019 non

984 4071 1344 4147 potuerunt
1369 4103 1391 4136 ,
1438 4051 1848 4125 assueverunt
1879 4052 2013 4142 jam
2051 4053 2121 4123 in
2162 4051 2386 4123 scholis
2425 4048 2769 4125 obscuri&
2792 4050 3082 4124 sublimis
3126 4053 3463 4124 notionem
3513 4047 3858 4124 confunde-

983 4176 1094 4224 re:
1143 4152 1320 4241 quod
1351 4152 1508 4222 &iis
1531 4151 1761 4222 accidit
1783 4200 1805 4235 ‚
1841 4150 1955 4243 qui
1980 4149 2387 4235 admirantur
2421 4150 2717 4221 auctores
2742 4150 3011 4243 grandes
3036 4150 3176 4221 illos
3196 4153 3458 4244 quidem
3482 4200 3504 4236 ‚
3544 4147 3657 4222 sed
3684 4140 3858 4216 fimul

982 4249 1318 4323 intellectu
1341 4244 1634 4319 difficiles
1657 4278 1678 4319 .·
1707 4248 1983 4320 solemus
2005 4249 2182 4321 enim
2206 4246 2272 4319 in
2301 4249 2376 4318 iis
2392 4298 2414 4334 ,
2441 4247 2622 4340 quod
2648 4248 3045 4323 admiramur
3061 4299 3085 4335 ‚
3117 4246 3474 4341 promiscue
3493 4251 3778 4323 virtutes
3800 4241 3860 4312 &

983 4346 1141 4418 vitia
1166 4347 1468 4418 admirari
1500 4372 1518 4415 ε
1554 4348 1658 4419 alii
1702 4347 1981 4439 denique
2018 4348 2542 4440 magnitudinem
2559 4347 2835 4438 ingenii,
2887 4363 3087 4441 atque
3117 4347 3536 4436 eruditionis,
3589 4368 3741 4441 quae
3780 4335 3860 4411 ab

984 4441 1442 4537 interpretibus
1470 4443 1552 4515 ad
1598 4446 2087 4538 intelligentiam
2131 4442 2388 4517 obscuri
2452 4447 2737 4515 auctoris
2811 4448 3159 4537 requiritur
3185 4495 3207 4531 ,
3263 4447 3344 4516 ad
3379 4444 3602 4538 ipsum
3648 4443 3862 4514 aucto-

983 4541 1122 4615 r'em
1161 4540 1613 4616 transferunt?
1662 4547 2008 4629 Qantum
2034 4540 2127 4613 est
2146 4542 2343 4628 illud,
2372 4542 2553 4636 quod
2585 4541 2697 4616 vix
2720 4540 2958 4632 Heinfii
2975 4592 2997 4635 ,
3049 4541 3430 4641 Cafimboni,
3460 4548 3673 4617 Grotii
3685 4591 3711 4627 ,
3733 4535 3858 4614 Sal-

968 4638 1190 4737 masii,
1219 4642 1505 4744 scaligeri
1524 4641 1877 4738 intelligere
1900 4638 2317 4736 potuerunt?
3383 4652 3394 4659 “
3783 4732 3820 4811 1

3818 4755 3860 4805 a
