4188 5670
944 360 1089 489 306
1501 357 2643 469 Ham-us'Mmrsi-nr
2739 370 3286 481 Eccm'zsuz

935 596 1036 655 tas
1084 573 1285 670 exigit
1308 623 1333 660 ,
1402 570 1744 666 prudentia
1769 622 1792 658 ,
1838 569 2072 643 docere
2107 554 2411 642 debeant.
2506 563 2574 638 Si
2598 562 2669 635 in
2689 562 3071 638 Academiis'
3092 558 3214 632 alia
3233 554 3555 631 docentur
3577 602 3605 641 ‚
3631 547 3858 629 nescio

931 699 1131 768 quare
1180 675 1535 745 doc-eantur
1561 670 1595 740 ’ί
1648 680 1653 684 ’
3847 696 3858 705 .

1040 811 1050 822 ’
1091 817 1100 828 ’
1166 826 1326 911 Sed,
1381 827 1635 919 inquiS,
1672 821 1973 898 Ecclefiae
2024 822 2323 900 Minister
2377 824 2603 899 incidit
2657 826 3006 924 aliquando
3043 824 3113 898 in
3156 820 3503 898 Auditores
3566 796 3853 897 inerudi-

929 946 1103 1010 tos3
1158 928 1241 999 ad
1288 926 1408 995 hos
1449 923 1777 997 docendos
1815 948 1954 997 non
2000 949 2240 1019 magna
2268 925 2617 1021 requiritur
2666 927 2979 998 eruditio:
3025 948 3034 957 ’
3113 932 3117 937 ’
3487 969 3503 988 ,

1150 1080 1342 1178 Resp.
1400 1085 1567 1158 Non
1612 1107 1848 1178 magna
1893 1080 2242 1175 requiritur
2288 1078 2569 1154 eruditio
2595 1086 2635 1169 ‚'
2670 1083 2757 1155 ad
2796 1079 3264 1156 conciliandam
3321 1075 3444 1153 fibi
3495 1076 3682 1174 apud
3742 1079 3861 1150 im-

932 1181 1177 1276 peritos
1207 1183 1555 1256 Auditores
1592 1180 1968 1255 eruditionis
2011 1178 2392 1272 opinionem
2422 1228 2448 1264 ‚
2487 1181 2603 1272 qui
2653 1179 2882 1274 scopus
2921 1178 3201 1255 Ministri
3252 1204 3392 1253 non
3420 1176 3514 1250 est
3536 1206 3563 1261 ,-
3625 1173 3859 1249 sed-re-

937 1280 1216 1374 quiritur
1242 1330 1267 1367 ,
1313 1281 1398 1353 ad
1445 1283 1744 1355 homines
1786 1278 2074 1351 eruditos
2132 1289 2224 1347 ex
2246 1273 2521 1349 rudibus
2567 1276 2936 1365 faciendos.,·
2984 1280 3122 1351 imo
3159 1279 3306 1372 plus
3353 1276 3717 1370 requiritur
3759 1276 3858 1347 hie

945 1403 1147 1470 quarn
1211 1378 1529 1451 eruditio:
1579 1379 1930 1471 requiritur
1951 1426 1974 1461 ‚
2056 1393 2134 1446 ut
2182 1376 2351 1445 euml
2384 1376 2503 1447 hac
2549 1372 2631 1449 fit
2678 1380 3031 1471 conjunaa
3077 1401 3321 1472 magna
3389 1373 3707 1468 quaedam
3745 1372 3861 1445 ffso-

942 1475 1126 1547 lertia
1148 1481 1194 1560 ',
1238 1500 1389 1567 quae
1435 1472 1761 1570 religionis
1801 1473 2103 1567 mysteria
2151 1464 2590 1573 stupidiffimi's
2631 1478 2860 1549 reddat
2908 1474 3353 1568 intelligibilia.
3475 1473 3857 1566 Requiritur

941 1597 1179 1666 magna
1224 1573 1566 1669 prudentia
1592 1624 1616 1660 ‚
1649 1593 1727 1646 ut
1768 1564 2207 1645 eruditionem
2252 1563 2567 1644 Minister
2599 1574 2683 1646 ad
2733 1594 2999 1669 captum
3047 1574 3449 1649 Auditorum
3495 1573 3589 1644 im
3623 1590 3878 1644 attem··

939 1687 1126 1776 peret
1144 1720 1168 1757 ,
1208 1688 1285 1753 ut
1333 1668 1742 1768 stupidiffimi
1802 1673 2138 1746 inveniant
2159 1719 2184 1757 ,
2230 1694 2386 1763 quae
2402 1671 2704 1764 capiant,
2753 1676 2820 1747 δι
2870 1669 3154 1760 eruditi,
3195 1695 3349 1768 quae
3399 1666 3674 1747 discant.

999 1898 1005 1905 .
1072 1904 1077 1907 ,
1145 1833 1311 1919 Non
1359 1833 1560 1928 igitur
1598 1834 1796 1906 video
1830 1882 1854 1917 ,
1900 1857 2103 1924 quare
2141 1832 2355 1925 major
2418 1832 2783 1925 requiratur
2816 1830 3099 1905 eruditio
3131 1828 3192 1899 a
3219 1829 3520 1900 nonore
3575 1811 3856 1899 scholas·

945 1934 1077 2007 tico
1113 1957 1315 2026 quam
1358 1935 1395 2003 a
1436 1930 1740 2009 Ministro
1787 1931 2174 2003 Academico
2202 1982 2228 2018 ‚
2276 1955 2430 2003 cum
2487 1931 2594 2003 ille
2647 1928 2729 2004 fit
2782 1951 3047 2024 propter
3101 1930 3314 2014 hunc,
3362 1928 3428 1998 ἃ
3475 1924 3633 1996 ideo
3683 1923 3855 1993 Doo-

946 2047 1056 2103 tor
1090 2031 1321 2102 doceat
1352 2079 1376 2115 ‚
1433 2049 1510 2101 ut
1555 2028 1932 2102 Ministrum
1982 2025 2264 2119 formet,
2298 2050 2668 2127 aptumque
2716 2029 2943 2101 reddat
2976 2079 3001 2116 ‚
3050 2026 3134 2100 ad
3185 2026 3414 2097 munia
3463 2022 3580 2095 sua
3622 2019 3860 2095 obeun-

922 2127 1079 2208 'da3
1120 2118 1404 2220 nihilque
1446 2130 1515 2198 in
1562 2127 1927 2220 Theologia
1978 2149 2117 2203 tam
2174 2124 2256 2199 fit
2306 2125 2569 2202 difficile
2593 2179 2616 2216 ,
2672 2122 2722 2199 fi
2769 2127 2975 2199 modo
3025 2124 3216 2198 usum
3258 2124 3548 2216 aliquem
3615 2119 3803 2192 habet
3827 2165 3850 2201 ‚

948 2223 1475 2320 quodMinistro
1522 2222 1674 2296 scire
1718 2249 1855 2295 non
1908 2247 2100 2316 aeque
2148 2221 2230 2297 fit
2269 2227 2430 2297 utile
2490 2246 2688 2320 atque
2728 2225 3012 2298 Dotftori
3072 2221 3546 2296 Acadedemico
3585 2270 3610 2304 ,
3664 2214 3850 2313 quod-

947 2349 1076 2421 que
1127 2324 1474 2418 aliquando
1498 2320 1943 2420 ‚Audimribus
1967 2320 2092 2398 suis
2109 2371 2133 2407 ‚
2164 2330 2280 2395 aut
2319 2321 2580 2416 publice
2621 2344 2741 2402 aut
2773 2323 3111 2418 privatim,
3137 2345 3276 2400 non
3305 2319 3617 2396 inculcari
3647 2311 3841 2412 poffit.

1136 2476 1267 2550 Sed
1318 2473 1364 2551 fi
1406 2476 1770 2575 eruditione
1809 2497 1924 2564 ea,
1979 2499 2179 2571 quam
2223 2477 2507 2553 diximus
2536 2522 2558 2557 ‚
2607 2478 2897 2571 aequales
2944 2473 3064 2547 effe
3108 2473 3394 2556 debent;
3445 2474 3654 2545 multa
3691 2470 3851 2556 sunt,

952 2597 1106 2668 quae
1142 2574 1345 2669 longe
1383 2578 1586 2670 magis
1631 2578 1675 2648 a·
1692 2576 1993 2650 Ministro
2010 2626 2034 2662 ‚
2082 2599 2285 2670 quam
2342 2571 2436 2647 ab·
2469 2575 2858 2649 Academico
2897 2576 3194 2647 Doikore
3235 2575 3667 2668 requiruntur.
3729 2570 3852 2641 Re-

950 2672 1232 2764 quiritur
1275 2674 1645 2768 eloquentia
1693 2677 1765 2753 in
1824 2674 2276 2748 concionibus
2325 2673 2554 2756 sacriss
2606 2676 2953 2769 requiritur
3013 2673 3358 2768 prudentia
3391 2675 3463 2746 in
3509 2670 3579 2741 iis
3621 2666 3700 2739 ad
3748 2684 3850 2738 tot

955 2767 1416 2849 diverfiffimos
1466 2773 1876 2864 Auditorum
1900 2779 2137 2869 eaptus‘
2172 2773 2672 2867 attemperandis
2706 2800 2727 2853 5
2765 2773 3113 2866 requiritur
3157 2775 3441 2867 gravitas
3476 2770 3544 2842 in
3579 2764 3853 2861 regendo

960 2888 1138 2939 coetu
1177 2868 1298 2945 fibi
1336 2870 1673 2950 commiffn
1691 2902 1717 2955 ‚·
1778 2875 2125 2965 requiritur
2172 2870 2474 2949 severitas
2498 2922 2523 2958 ,
2571 2876 2644 2945 in
2693 2871 3051 2952 exercenda
3092 2870 3415 2966 disciplina
3439 2921 3464 2958 ‚
3513 2891 3667 2940 cum
3692 2888 3859 2947 man-

954 2959 1297 3038 suetudine
1327 2971 1703 3056 conjuncta.
1765 2961 2143 3060 Requiritur
2198 2995 2299 3041 ars
2359 2968 2695 3060 singularis
2742 2971 2811 3039 in
2841 2968 3250 3046 consolandis
3287 2970 3566 3063 ,aegrotis
3584 3015 3612 3058 2
3675 2962 3862 3056 iisque

956 3058 1042 3134 ad
1099 3055 1526 3135 decretoriam
1565 3065 1743 3134 illam
1764 3065 2028 3136 ‘horam
2062 3066 2185 3135 rite
2236 3063 2697 3159 praeparandis.
2821 3064 3200 3160 Requiritur
3249 3068 3538 3161 cognitio
3609 3063 3865 3138 Audito-

894 3228 907 3236 ,
953 3183 1118 3254 rum
1167 3155 1435 3231 suorum
1481 3161 1749 3238 intima3
1802 3162 2090 3254 cognitio
2146 3163 2357 3234 cordis
2407 3163 2678 3234 humani
2728 3210 2754 3249 ‚
2806 3165 3238 3260 omniumque
3298 3167 3441 3257 ejus
3511 3181 3868 3238 motuunu

822 3274 826 3278 “
958 3258 1267 3336 enodatio
1317 3257 1816 3331 innumerorum
1887 3257 2298 3336 conscientiae
2342 3257 2607 3334 casuum
2655 3309 2681 3349 ,
2750 3263 2863 3355 qui
2936 3260 3062 3336 tibi
3131 3261 3218 3337 ab
3275 3259 3701 3358 Auditor-ibus
3748 3262 3871 3340 tuis

869 3367 887 3382 “
960 3358 1259 3451 proponi!
1285 3356 1587 3450 pofl'unt3
1633 3359 1943 3430 onmium-
1976 3355 2241 3431 casuum
2271 3410 2296 3456 ,
2342 3360 2456 3462 qui
2508 3359 2803 3452 quotidie
2859 3382 3213 3443 occurrunt
3255 3362 3320 3434 in
3390 3357 3697 3453 regimine
3726 3408 3750 3445 ,
3803 3358 3874 3428 in

963 3453 1293 3549 disciplina
1324 3455 1351 3544 ,'
1401 3453 1815 3559 aliorumque
1838 3457 2125 3551 plurium
2146 3506 2171 3543 ‚
2210 3483 2371 3553 quae‘
2414 3456 2498 3531 ad
2544 3458 2961 3551 prudentiam
3023 3456 3517 3538 Ecclefiasticam
3573 3454 3728 3532 sunt
3769 3480 3873 3526 ne-

965 3549 1238 3626 ceffaria.
1319 3555 1684 3627 Postulatur
1713 3575 2046 3649 “perpetua
2085 3557 2393 3645 quaedam
2441 3556 2774 3650 vigilantia
2813 3583 2835 3635 5
2882 3555 3170 3628 studium
3211 3575 3602 3652 perpetuum
3675 3554 3859 3628 corri-

906 3733 912 3740 ,
969 3649 1162 3741 gendi
1192 3653 1257 3722 &
1285 3654 1670 3726 emendandi
1718 3652 1989 3747 seipsum
2040 3654 2105 3725 &
2156 3654 2302 3726 suos
2320 3683 2342 3735 5
2387 3679 2470 3730 ne
2520 3654 2676 3747 quid
2726 3653 3070 3726 Auditores
3109 3659 3177 3728 in
3220 3654 3283 3727 se
3343 3659 3410 3729 δε
3454 3660 3525 3738 in
3573 3653 3700 3728 suis
3743 3651 3873 3721 ani-

960 3746 1387 3829 madvertant
1415 3804 1442 3838 ,
1491 3750 1671 3844 quod
1721 3749 2257 3826 omnibus-dietis
2289 3750 2412 3823 suis
2450 3754 2515 3824 δι
2546 3748 2728 3822 fadus
2778 3752 3036 3845 pondus
3085 3752 3357 3826 auferat.
3421 3749 3740 3842 Poscitur
3773 3749 3879 3822 de-

964 3844 1171 3937 „niqu'e
1208 3869 1362 3919 cura
1399 3850 1769 3922 animarum
1794 3896 1819 3933 ,
1867 3871 2029 3941 quas
2067 3852 2151 3921 ad
2201 3848 2472 3923 salutem
2506 3847 2802 3925 Minister
2854 3851 3171 3926 adducere
3219 3850 3439 3936 debet,
3843 3883 3854 3894 ·

1170 3997 1343 4069 Haec
1391 3999 1612 4070 omnia
1644 3998 1684 4068 a
1729 3998 2032 4070 Ministro
2092 3997 2285 4093 longe
2314 4005 2520 4097 magis
2546 4050 2571 4087 ‚
2623 4002 2816 4098 longe
2859 4012 3094 4099 majori
3156 4013 3361 4107 gradu
3413 4011 3881 4105 requiruntur,

888 4125 897 4132 ·
980 4117 1179 4184 quam
1219 4120 1257 4164 a
1288 4095 1585 4209 Dodiore
1616 4095 2027 4208 Academico.
2151 4099 2325 4213 Hic·²
2352 4102 2649 4173 Auditor.
2678 4103 2783 4175 hic
2804 4104 2894 4175 est
2925 4110 3025 4180 ille
3043 4110 3303 4208 habitus
3326 4162 3351 4199 ‚
3389 4112 3471 4182 ad
3523 4132 3725 4202 quem
3750 4125 3890 4176 ten-

591 4268 642 4338 1·
676 4270 928 4340 Timum
981 4192 1150 4263 dunt
1192 4217 1237 4262 u
1282 4241 1308 4277 ‚
1355 4216 1469 4284 qur
1517 4195 1668 4264 Deo
1718 4217 1786 4264 in
1820 4191 2099 4276 Ecclesia
2140 4194 2376 4271 servire
2421 4199 2679 4278 volunt.
2772 4203 2998 4279 Nemo
3047 4211 3243 4303 igitur
3309 4205 3630 4282 existimet
3671 4219 3702 4292 ,·
3754 4219 3889 4285 rem

593 4337 711 4426 111,
763 4374 811 4419 Ι,
978 4289 1195 4391 levem
1250 4285 1370 4361 effii
1419 4288 1893 4406 Epffi'fflammo'
1946 4319 2146 4388 cluem
2185 4296 2534 4412 qustolus
2571 4323 2700 4368 rem
2741 4306 3057 4397 pretiosam
3098 4323 3317 4381 vocat.
3427 4307 3655 4378 Nemo
3680 4307 3753 4374 in
3775 4301 3895 4370 hoc

628 4415 641 4425 ·
763 4427 769 4436 ·
976 4386 1424 4481 comparando
1476 4389 1803 4484 negligens
1839 4388 1941 4463 sit.
2010 4394 2239 4466 Nemo
2275 4395 2488 4469 dicat:
2543 4394 2708 4467 Non
2735 4398 2824 4471 est
2841 4450 2864 4485 ‚
2920 4407 3101 4497 quod
3138 4407 3357 4478 studiis
3400 4399 3838 4496 impallescam
3873 4421 3895 4474 5

961 4484 1141 4558 'nolo
1170 4487 1428 4559 Dotstor
1459 4483 1646 4569 fieri,-
1676 4488 2046 4563 dummodo
2100 4490 2385 4585 eousque
2422 4488 2762 4588 proficiam
2785 4546 2810 4583 ,
2854 4522 2930 4573 ut
2970 4503 3213 4576 rusticis
3245 4499 3624 4582 hominibus
3650 4502 3720 4571 δι
3771 4496 3904 4589 ple-

853 4682 862 4693 ·
980 4581 1558 4676 thelisyoncionari
1579 4581 1819 4681 poffirn
1840 4614 1866 4686 5
1923 4586 2097 4662 salva
2126 4614 2227 4682 res
2268 4589 2395 4672 est;
2439 4592 2517 4664 ad
2548 4588 2798 4680 majora
2851 4623 2984 4679 non
3032 4601 3301 4696 adspira.
3401 4598 3588 4684 Idem
3619 4596 3716 4778 gs}
3735 4646 3768 4706 ἒ
3830 4616 3904 4709 ac

3695 4719 3714 4762 ι
3760 4716 3907 4784 quis
