4188 5670
1050 276 1804 349 Enunrron.
1953 278 2229 352 Can·
2332 280 2512 354 IX.
2658 259 2701 272 Μ
3146 308 3243 381 97

349 482 492 535 cum
538 454 757 530 verbis
811 467 1197 552 pugnemus.
1302 454 1444 542 Qi
1510 452 1884 528 Cartefium
1955 453 2205 529 refutat
2252 474 2330 529 ut
2402 459 2774 553 Scepticum
2820 511 2843 549 ‚
2923 466 2990 535 in
3036 463 3253 557 Logo-

342 558 650 632 machiam
700 556 974 628 incidit:
1031 551 1236 626 verba
1287 553 1422 643 ejus
1485 576 1622 636 non
1669 552 1965 647 intelligit
2011 581 2029 623 z
2073 555 2215 625 talis
2272 579 2409 627 non
2459 556 2604 628 fuit.
2723 560 2815 632 At
2863 565 2975 653 qui
3008 560 3254 633 refutat

344 686 410 725 en
424 650 546 740 ἔψη
585 655 768 726 illam
810 698 831 728 ,
891 677 1092 748 quam
1148 648 1439 723 Cartefio
1483 647 1716 723 tribuit
1739 703 1759 737 ,
1807 657 1988 726 recte
2018 672 2269 746 pugnat
2317 677 2470 726 cum
2516 653 2829 729 sententia
2853 656 3006 729 falsa
3061 686 3085 738 3
3138 684 3252 730 ne-

342 779 461 848 que
499 751 866 825 Cartefium
911 755 1014 826 hic
1054 769 1528 844 repugnantem
1588 746 1856 826 habebit
1900 801 1928 840 ‚
2000 749 2370 824 dummodo
2451 753 2619 825 hanc
2691 755 2780 826 illi
2862 754 3247 842 sententiam

347 875 426 924 ne
447 854 779 945 ‘imputet

526 1050 726 1120 Dices
756 1098 782 1135 ,
843 1043 1224 1118 sententiam
1270 1043 1463 1123 huius
1507 1044 1786 1117 hominis
1833 1096 1857 1131 ,
1920 1045 2113 1138 hujus
2174 1046 2456 1118 auctoris
2505 1096 2546 1134 ‚.
2604 1048 2797 1140 hujus
2872 1047 3063 1122 iec'tae
3124 1045 3245 1121 effe
3292 1047 3581 1132 Responde*

347 1144 704 1219 steleratam
752 1149 819 1219 &
870 1145 1137 1236 impiam
1175 1172 1196 1212 .·
1248 1143 1405 1233 quid
1459 1167 1630 1235 opus
1685 1143 1776 1215 est
1849 1142 1883 1214 ‚⁹
1962 1142 2171 1216 resuta
2231 1145 2612 1237 opinionem
2660 1148 2837 1218 illam
2881 1147 3246 1220 sceleratam
3288 1149 3385 1188 '⁰¹'
3409 1133 3483 1231 ’4,
3502 1151 3569 1189 ‘⁶

346 1246 406 1315 δι
450 1244 715 1339 impiam
769 1272 787 1315 ε
841 1242 1008 1315 educ
1050 1243 1117 1313 in
1179 1241 1389 1312 aciem
1431 1239 1734 1312 adversus
1769 1240 1956 1313 istam
1996 1267 2229 1314 omnes
2276 1261 2422 1314 tuas
2475 1245 2690 1336 copias
2726 1271 2744 1314 ε
2775 1270 2975 1318 nemo
3020 1245 3084 1317 se
3139 1246 3245 1318 lae.
3290 1232 3406 1350 ‘¹2⁶3
3429 1214 3514 1314 ¹3⁸⁶

345 1338 479 1412 sum
525 1345 710 1435 queri
749 1339 964 1436 potest
1008 1390 1032 1426 ,
1091 1336 1210 1412 nifi
1272 1341 1388 1431 qui
1443 1335 1633 1425 fateri
1672 1339 1853 1412 volet
1883 1389 1906 1425 ,
1936 1336 2122 1412 suam
2147 1343 2512 1434 oppugnari
2544 1339 2946 1415 sententiam.
3063 1344 3249 1431 Qid
3294 1297 3575 1435 54:⁶⁸1&

345 1438 574 1514 necefle
639 1439 730 1514 est
757 1489 782 1527 ,
833 1460 911 1511 ut
958 1440 1109 1511 huic
1127 1487 1153 1525 ‚
1200 1437 1378 1511 illive
1418 1434 1749 1511 tribuatur
1775 1487 1800 1526 ‚
1851 1437 1966 1531 qui
2005 1462 2155 1512 eam
2208 1436 2463 1512 fortafl'e
2503 1464 2641 1513 non
2683 1439 2984 1536 agnoscet
3016 1440 3052 1514 ἲ

526 1643 622 1713 At
682 1638 857 1710 enim
900 1633 1207 1708 monendi
1250 1631 1402 1707 sunt
1441 1632 1871 1708 adolescentes
1895 1683 1921 1721 ‚
1967 1653 2048 1706 ut
2097 1630 2223 1706 fibi
2267 1636 2305 1706 a
2346 1638 2532 1708 certis
2575 1636 2955 1711 hominibus
2987 1667 3033 1728 ,·
3072 1644 3260 1714 certis

345 1732 516 1808 libris
545 1787 571 1825 ‚
641 1737 830 1809 certis
904 1734 1084 1808 settis
1134 1752 1429 1806 caveant.
1566 1734 1738 1806 Mihi
1803 1757 1962 1804 vero
2019 1756 2158 1803 non
2207 1753 2471 1806 tanturn
2525 1739 2836 1809 monendi
2884 1787 2909 1825 ,
2984 1736 3109 1832 sed=
3153 1740 3264 1810 ad-

344 1832 560 1906 versus
612 1831 908 1932 perverse
956 1831 1298 1903 sentientes
1322 1833 1658 1903 muniendi
1702 1831 2008 1904 videntur
2038 1855 2056 1900 t
2085 1828 2193 1902 sed
2247 1834 2629 1904 muniantur
2680 1834 2880 1908 solida
2928 1839 3067 1908 veri
3095 1862 3262 1931 ‹cog-

341 1936 645 2004 nitione:
695 1932 1073 2006 muniantur
1126 1929 1377 1999 invictis
1425 1927 1786 2008 rationibus
1823 1978 1847 2015 ‚
1905 1953 2043 2000 non
2094 1929 2248 2001 odio
2293 1953 2622 2004 certorum
2655 1930 2976 2006 librorum
3031 1937 3096 2008 ἃ
3141 1960 3260 2007 no-

346 2030 614 2100 minum
656 2054 675 2098 :
731 2028 1111 2098 muniantur
1161 2025 1457 2098 adversus
1503 2025 1738 2100 falsum
1762 2079 1786 2113 ,
1844 2024 2219 2119 ubicunque
2274 2028 2544 2099 demum
2592 2035 2972 2126 ·reperiatur
3026 2083 3049 2120 ‚
3117 2058 3255 2108 non

343 2149 583 2202 contra
637 2147 846 2198 certos
896 2126 1186 2196 homines
1218 2174 1242 2209 ,
1283 2124 1482 2196 libros
1510 2130 1575 2198 &
1626 2125 2062 2217 sectas‚.quae
2100 2122 2362 2197 fortasse
2415 2123 2548 2198 fine
2574 2128 2781 2201 cauffa
2817 2127 3009 2204 nobis
3066 2132 3250 2204 odio·

338 2225 426 2300 sae
467 2225 621 2297 sunt
649 2274 676 2311 ‚
710 2225 776 2295 δε
818 2224 857 2293 a
903 2221 1122 2294 nostro
1164 2220 1339 2293 sensu
1389 2249 1527 2304 non
1570 2244 1911 2317 tantopere
1976 2219 2355 2296 abhorrent·
2501 2225 2872 2320 Suspectam
2914 2228 3263 2301 reddimus,

341 2325 686 2400 veritatem
715 2371 743 2408 ,
795 2322 1048 2413 quoties
1087 2321 1264 2391 illam
1305 2318 1529 2396 iisdem
1581 2321 1828 2395 artibus
1859 2319 2263 2393 defendimus
2284 2373 2310 2408 ,
2362 2320 2603 2414 quibus
2638 2325 3004 2399 defenditur
3049 2352 3243 2399 men·

347 2422 620 2496 dacium.
797 2417 1047 2507 Qid?
1094 2419 1274 2510 quod
1320 2421 1720 2512 experientia
1770 2417 2040 2493 testatur
2062 2471 2086 2507 ,
2130 2444 2271 2491 non
2320 2420 2444 2492 alia
2499 2426 2752 2496 ratione
2798 2426 3002 2516 magis
3043 2422 3245 2497 libros

346 2514 849 2600 adolescentibus
887 2518 1386 2608 commendari,
1444 2542 1641 2610 quam
1699 2514 1748 2589 fi
1793 2521 1829 2587 ὲ
1865 2518 2087 2589 multis
2111 2567 2136 2603 ,
2207 2512 2258 2587 fi
2305 2541 2546 2612 magna
2598 2545 2753 2593 cura
2796 2519 3165 2593 refutantur
3220 2549 3244 2601 ς

348 2639 420 2691 ut
456 2620 560 2692 vel
621 2613 758 2687 solo
812 2611 1210 2687 Cartefianae
1268 2614 1695 2706 Philosophiae
1750 2618 2052 2707 exemplo
2101 2632 2281 2709 patet
2327 2665 2352 2701 ‚
2418 2641 2572 2707 quae
2609 2615 2758 2689 sane
2803 2615 3243 2691 celebritatem

353 2715 522 2789 suam
566 2738 704 2786 non
739 2738 882 2787 tam
943 2710 1391 2786 defensoribus
1441 2713 1564 2783 suis
1612 2710 1808 2784 debet
1841 2760 1866 2798 ,
1913 2737 2118 2803 quam
2162 2728 2266 2781 tot
2289 2760 2315 2796 ‚
2367 2731 2534 2802 quot
2574 2715 2722 2787 hinc
2758 2716 2909 2814 inde
2951 2717 3020 2788 in
3083 2716 3255 2791 orbo

357 2813 577 2890 habuit
596 2861 621 2899 ‚
668 2809 1064 2889 adversariis.

533 3015 904 3107 Pugnemus
942 3012 1141 3108 igitur
1190 3035 1324 3085 non
1370 3029 1509 3085 tam
1554 3032 1785 3085 contra
1833 3030 2046 3085 certos
2089 3012 2426 3104 homines,
2460 3041 2660 3112 quam
2699 3036 2927 3091 contra
2970 3014 3199 3089 falsum
3219 3044 3245 3098 3

360 3111 542 3206 quod
581 3133 728 3182 tum
768 3110 883 3182 fiet
911 3163 931 3197 ‚
982 3108 1030 3180 fi
1085 3113 1428 3183 veritatem
1475 3114 1680 3206 magis
1736 3133 1842 3183 am
1859 3109 2106 3191 rbimus
2137 3162 2161 3199 ‚
2209 3138 2408 3206 quam
2465 3114 2807 3208 gloriolam
2885 3114 3170 3186 nostram
3214 3161 3243 3197 ‚

354 3206 729 3302 erroresque
765 3212 962 3301 magis
1008 3210 1163 3280 odio
1206 3206 1395 3280 nobis
1446 3229 1638 3282 erunt
1660 3259 1685 3295 ‚
1732 3232 1934 3301 qnam
1968 3210 2064 3293 ii,
2107 3232 2272 3301 quos
2311 3236 2519 3285 errare
2542 3261 2567 3299 ‚
2595 3215 2914 3304 quoniam
2954 3210 3019 3278 id
3067 3209 3246 3301 cupi-

348 3332 498 3383 mus
519 3359 542 3394 ‚
587 3306 926 3380 credimus.
1045 3308 1170 3380 Sed
1200 3356 1224 3394 ,
1276 3302 1325 3374 fi
1359 3306 1574 3379 dicere
1605 3306 1880 3377 velimus
1916 3354 1939 3389 ,
1999 3307 2181 3397 quod
2225 3332 2323 3377 res
2358 3307 2449 3377 est
2472 3356 2497 3392 ‚
2549 3310 2770 3401 prodit
2812 3305 2874 3376 se
2926 3306 3029 3375 hic
3073 3356 3100 3391 ,
3170 3324 3248 3378 ut

355 3429 512 3476 cum
555 3408 841 3476 maxime
866 3455 889 3492 ‚
928 3405 1166 3497 ingenii
1196 3402 1393 3479 nostri
1432 3403 1813 3496 malignitas.
1894 3400 2059 3471 Non
2112 3398 2351 3473 sufficit
2389 3403 2599 3474 dicere
2634 3423 2653 3468 ε
2708 3406 2893 3474 Deus
2956 3427 3091 3473 non
3156 3402 3246 3475 est

349 3504 393 3573 ἃ
435 3502 514 3593 fi
552 3500 805 3594 positive
829 3552 853 3587 ,
908 3527 987 3573 eo
1026 3501 1207 3573 sensu
1234 3552 1257 3587 ‚
1303 3522 1381 3573 ut
1430 3500 1490 3573 se
1539 3499 1756 3591 ipsum
1801 3494 2004 3569 feciffe
2056 3495 2394 3571 statuatur.
2507 3501 2725 3572 Nimis
2770 3502 3067 3593 jejunum
3119 3504 3246 3575 hoc

343 3600 590 3674 nostrae
635 3601 965 3694 philautiae
1013 3600 1321 3681 videtur3
1353 3625 1489 3672 non
1544 3596 1667 3670 fibi
1732 3597 1834 3667 hic
1877 3594 2269 3668 satisfaciunt
2318 3591 2586 3671 affectus
2638 3599 2890 3671 nostri:
2970 3601 3244 3694 amplius

349 3700 592 3792 quaerit
639 3699 880 3773 malitia
918 3700 1264 3769 hominum
1292 3726 1316 3779 ‚-
1343 3699 1581 3791 quaerit
1600 3748 1623 3782 ,
1668 3696 1774 3768 cui
1818 3696 1984 3766 hanc
2024 3694 2410 3769 sententiam
2454 3697 2704 3771 tribuat
2743 3726 2767 3778 3
2811 3721 3009 3791 quem
3055 3725 3248 3795 prop·

349 3814 446 3870 ter
486 3821 640 3869 eam
686 3797 1080 3871 condemnet
1122 3822 1141 3865 ε
1202 3798 1520 3888 majorem
1579 3793 1779 3866 habet
1833 3789 2092 3879 :pum
2128 3845 2154 3881 ‚
2218 3789 2269 3865 fi
2310 3796 2654 3869 dicamus:
2716 3795 3129 3891 Blasphemus
3178 3801 3248 3871 in

349 3895 576 3968 Deum
617 3892 714 3965 est
757 3890 1082 4063 Cartegteusa
1127 3942 1151 3979 ‚
1202 3894 1315 3987 qui
1378 3904 1587 3971 Deum
1634 3896 1676 3963 ἁ
1706 3890 1779 3983 se
1810 3889 2063 3981 pofitive
2097 3941 2123 3979 ‚
2184 3890 2363 3986 quasi
2414 3894 2478 3966 se
2535 3894 2747 3991 ipsum
2794 3895 3192 3989 produxiffet
3217 3948 3245 3986 ,

353 3993 566 4066 dicere
620 4016 760 4064 non
825 4016 941 4064 eru
1057 3993 1164 4063 cit.

545 4189 659 4263 Est
705 4192 772 4262 &
803 4189 965 4261 illud
1001 4214 1137 4262 non
1178 4185 1735 4259 contemnendum
1796 4185 2164 4259 minuendis
2210 4190 2308 4262 his
2351 4189 2713 4268 verborum
2766 4197 2999 4289 pugnis
3045 4214 3252 4269 reme-
3300 4237 3526 4299 Remu.
3614 4256 3623 4263 .

371 4284 542 4358 dium
568 4339 587 4374 ,
607 4287 672 4377 fi
698 4306 1001 4387 quantum
1038 4314 1131 4359 res
1155 4291 1394 4379 patitur
1418 4337 1441 4371 ‚
1494 4284 1947 4376 disputationem
1994 4288 2401 4380 transferimus
2423 4295 2464 4361 ἁ
2494 4317 2709 4387 genere
2723 4292 2813 4364 ad
2827 4295 3079 4384 speciem
3103 4320 3124 4359 .·
3171 4290 3254 4360 ab
3304 4257 3624 4393 „3me

367 4385 879 4476 univer-fidimbm
919 4388 1005 4458 ad
1061 4389 1252 4456 mima
1302 4382 1690 4472 universalia.
1767 4384 2096 4455 Notiones
2137 4387 2312 4457 enim
2359 4391 2682 4480 generales
2716 4440 2740 4474 ‚
2793 4413 2945 4460 cum
2990 4385 3256 4481 paucio·
3306 4400 3416 4458 Ν.

355 4509 432 4556 ra
469 4482 1022 4578 comprehendant
1051 4534 1074 4570 ,
1118 4506 1314 4575 quam
1335 4480 1652 4573 speciales
1674 4509 1697 4552 ι
1737 4478 1820 4554 fit
1840 4533 1866 4567 ‚
1925 4499 2003 4551 ut
2040 4481 2367 4553 vocabula
2400 4487 2595 4559 etiam
2623 4537 2647 4574 ‚
2698 4484 3014 4575 ejusmodi
3041 4476 3267 4553 notio-

349 4604 467 4658 nes
503 4582 838 4679 generales
863 4577 1286 4677 significantia
1302 4629 1328 4667 ‚
1365 4578 1553 4652 facile
1595 4581 1763 4654 inter
1813 4576 1877 4654 se
1922 4578 2426 4676 permisceantur
2454 4612 2482 4669 ς
2514 4608 2649 4678 quo
2683 4582 2871 4674 plura
2903 4579 3079 4652 enim
3123 4588 3274 4677 701

551 4688 651 4757 W
641 4678 933 4777 ererfilfii
980 4678 1292 4773 opuscula.
1323 4679 1523 4755 Tom.
1551 4676 1661 4753 11.
2272 4694 2283 4706 ·
2352 4698 2359 4704 ·
2481 4680 2558 4752 N
2648 4702 2653 4705 ⁴
3050 4665 3283 4749 ahqua
