4188 5670
1318 373 1477 433 nn
1589 358 2158 436 Arou'1s.
2878 394 2881 397 ·
3121 364 3341 449 ’κς-

369 554 530 631 pere
571 532 685 610 sua
727 538 959 635 cuique
990 538 1219 635 opinio
1277 539 1488 635 placet
1506 537 1556 633 Ι)
1589 533 1894 636 :dicerem
1953 541 2111 615 talia
2153 533 2307 625 effe,
2337 542 2491 633 qu'ae
2540 538 2647 613 vel
2690 538 2926 616 invito·
2962 539 3299 624 {mensum-

374 654 770 730 extorquere
819 634 1086 734 poffint.

566 733 766 810 XVI.
831 737 1121 831 Concipe
1166 734 1487 830 sphaeram
1540 737 1809 811 solidam
1841 787 1867 825 ‚
1911 742 2067 831 quae
2126 736 2369 808 circum
2423 758 2617 809 axem
2677 735 2865 807 suum
2921 788 2946 823 ,
3028 745 3130 815 uti
3179 746 3276 818 lo-

377 853 672 925 quuntur
695 884 720 921 ,
786 855 1118 908 movetur.
1229 836 1337 908 Est
1370 837 1440 907 in
1487 838 1606 909 hac
1652 835 1933 928 sphaera,
1986 835 2293 907 omnium
2348 833 2658 907 consensu
2704 853 2730 920 ‚·
2781 834 3108 926 quiescens
3158 843 3270 914 ali.

373 931 556 1024 quod
587 981 611 1017 ‚
682 931 862 1027 quod
896 928 1051 1007 axis
1106 933 1341 1007 dicitur
1366 982 1388 1020 ‚
1437 936 1547 1026 qui
1592 934 1764 1006 linea
1812 933 1910 1006 est·
1947 937 2124 1006 resta
2145 981 2169 1018 ,
2211 956 2323 1025 per
2369 954 2673 1005 centrum
2724 929 3056 1022 transiens,
3103 937 3271 1011 ciroe

347 1052 580 1121 quam
620 1026 871 1123 sphaera
922 1048 1199 1104 rotatur.
1311 1033 1578 1105 Lineam
1629 1030 1919 1126 intelligo
1982 1031 2247 1126 proprie
2290 1030 2533 1101 dictam
2594 1029 2932 1101 latitudine
2971 1034 3035 1103 &
3085 1034 3270 1107 craffi

370 1126 460 1198 tie
515 1147 869 1200 carentem.
980 1130 1213 1201 Talem
1265 1131 1443 1200 enirn
1493 1131 1737 1207 lineam
1773 1152 1971 1203 axem
2021 1126 2189 1215 effe,
2242 1150 2393 1199 cum
2431 1146 2571 1199 tota
2622 1125 2873 1221 sphaera
2905 1128 3104 1202 solida
3154 1135 3272 1206 cir*-

345 1247 445 1295 ·ca
481 1249 680 1296 axem
741 1245 1093 1313 movetur,
1139 1246 1382 1298 notum
1427 1225 1538 1299 est.
1637 1229 1761 1299 His
1799 1224 2019 1321 positis
2071 1227 2164 1297 ita
2234 1225 2601 1296 ratiocinati
2645 1223 2860 1296 soleo:
2900 1229 3079 1318 quod
3128 1232 3269 1321 qui.

341 1318 524 1394 escit
573 1324 840 1395 nemine
895 1325 976 1396 de
1026 1326 1152 1396 hoc
1195 1326 1570 1418 cogitante,
1611 1326 1771 1397 illud
1811 1326 2049 1418 aliquid
2098 1322 2190 1394 est
2227 1325 2487 1394 nemine
2544 1323 2878 1416 cogitante
2920 1372 2944 1409 ,
3003 1326 3069 1396 &
3133 1351 3287 1400 non·

362 1443 628 1491 merum
668 1445 781 1492 ens
825 1421 1107 1493 rationis.
1207 1421 1318 1493 Est
1353 1425 1550 1517 igitur
1589 1425 1735 1495 haec
1777 1423 1946 1494 linea
1987 1420 2254 1514 aliquid,
2302 1444 2456 1491 cum
2494 1417 2777 1512 quiesoet
2812 1469 2836 1505 ‚
2887 1422 2951 1493 &
2989 1422 3271 1514 quiescat

363 1520 626 1590 nemine
691 1520 1038 1612 cogitante.
1135 1519 1455 1593 Praeterea
1506 1571 1529 1608 ,
1587 1522 1767 1613 quod
1814 1518 2026 1591 solum
2072 1516 2336 1613 quiescit
2361 1569 2382 1601 ,
2429 1540 2583 1588 cum
2622 1535 2856 1588 caetera
2922 1520 3146 1589 omnia
3196 1522 3264 1593 in

333 1613 616 1707 'sphaera
665 1638 1103 1702 moveantur,
1140 1642 1238 1690 ree
1277 1616 1367 1689 est
1413 1615 1501 1691 ab
1535 1617 1667 1690 aliis
1718 1615 2064 1702 omnibus,
2116 1640 2269 1708 quae
2313 1617 2383 1685 in
2412 1612 2659 1707 sphaera
2702 1613 2851 1685 sunt,
2877 1664 2901 1701 ,
2943 1613 3257 1688 distincta.

344 1715 474 1787 -Est
524 1715 722 1807 igitur
748 1715 893 1786 haec
945 1715 1109 1786 linea
1156 1715 1396 1808 aliquid
1460 1718 1496 1786 a
1534 1718 1784 1789 caeteris
1819 1714 2190 1809 distinctum
2235 1730 2256 1783 ε
2325 1713 2473 1785 haec
2542 1710 2670 1808 sola
2718 1713 2893 1784 enim
2941 1713 3207 1807 quiescit
3234 1765 3258 1804 ,

359 1835 602 1885 caeteta
635 1813 856 1883 omnia
884 1811 1275 1895 {moventma
1352 1811 1638 1886 Probavi
1682 1816 1820 1907 jam
1857 1814 1997 1886 dari
2033 1814 2296 1886 lineam;

556 1909 785 2002 Pergo.
888 1910 1090 2002 Finge
1136 1932 1330 1981 axem
1378 1914 1618 1984 mutari
1669 1916 1738 1984 in
1783 1911 2030 2006 sphaera
2055 1961 2079 1997 ,
2131 1930 2421 2002 eamque*
2450 1910 2616 1980 circa
2681 1907 2883 1982 alium
2951 1908 3150 1979 rotari
3197 1934 3260 1984 a.

355 2031 529 2080 xem
557 2056 579 2091 ,
631 2009 748 2096 qui
778 2008 1068 2097 priorem
1111 2007 1182 2076 in
1224 2012 1466 2100 puncto
1496 2060 1544 2096 ,-
1572 2011 1754 2103 quod
1795 2031 2096 2082 centrum
2126 2008 2400 2093 dicitur,
2455 2005 2641 2078 secet.
2732 2006 2883 2077 Hoc
2932 2009 3259 2097 punctum

357 2128 527 2174 vere
574 2103 1110 2177 mathematicum
1156 2102 1276 2176 effe
1303 2155 1327 2191 ,
1378 2111 1599 2200 negari
1647 2131 1802 2179 non·
1856 2107 2068 2201 potest
2120 2134 2154 2178 z·
2188 2101 2236 2176 fi
2286 2103 2545 2198 quidem
2586 2104 2751 2175 linea
2785 2107 2958 2176 recta
2999 2109 3281 2197 proprie‘
3340 2190 3345 2199 ,

358 2200 543 2271 dista
601 2200 793 2270 aliam
861 2203 1107 2272 redtam
1160 2226 1298 2274 non
1351 2200 1469 2274 nist
1529 2206 1598 2276 in
1651 2208 1847 2279 unico
1906 2210 2156 2300 puncto
2202 2201 2411 2275 secate
2483 2199 2696 2294 poffic
2813 2202 2982 2273 Haec
3032 2201 3200 2274 linea
3227 2256 3254 2291 ,

354 2321 519 2389 quae
570 2299 713 2366 axis
763 2295 998 2368 dicittu·
1039 2346 1066 2385 ‚
1105 2299 1346 2371 iterum
1397 2299 1525 2372 sola
1581 2306 1702 2375 erit
1761 2305 2134 2391 immota'r
2184 2325 2334 2375 cum
2382 2322 2614 2372 caetera
2658 2300 2883 2372 omnia
2929 2304 2999 2370 in
3053 2298 3277 2393 globo·

349 2413 798 2478 moveantur,
854 2418 938 2464 ne
973 2395 1187 2487 priore
1229 2397 1490 2490 quidem
1548 2402 1654 2471 axi
1701 2421 1996 2495 excepto.
2108 2397 2596 2472 Animadvetto-
2626 2417 2850 2469 tamen
2900 2446 2923 2480 ‚
2979 2397 3100 2467 effe
3147 2400 3258 2471 ali.

352 2491 507 2584 quid
563 2492 633 2562 in
657 2492 779 2562 hac
822 2488 1070 2585 sphaera
1095 2539 1120 2577 ,
1158 2495 1341 2586 quod
1389 2492 1496 2566 bis
1516 2547 1539 2583 ‚
1581 2497 1650 2569 in
1677 2515 1969 2593 utraque
2001 2499 2231 2572 scilicet
2274 2498 2414 2589 ejus
2465 2498 2833 2589 rotatione,
2898 2495 3271 2569 immotum

351 2588 510 2671 fuit3
563 2591 764 2682 idque
809 2588 901 2659 est
938 2592 1207 2673 unicum
1259 2596 1580 2685 punctum
1624 2595 2089 2669 intersectionis
2137 2594 2641 2684 utriusqueaxis
2667 2642 2689 2677 ,
2725 2588 2907 2680 quod
2955 2609 3280 2665 centrum.-

347 2687 581 2757 ‘dicitur
613 2712 636 2756 ε
673 2690 1002 2779 punctum
1055 2711 1284 2761 revera
1332 2692 1873 2766 mathematicum
1925 2697 1991 2767 δι
2041 2689 2453 2767 indivisibile:
2564 2685 2832 2761 Neceffe
2866 2685 2958 2756 est
3005 2689 3203 2781 igitur
3224 2740 3250 2780 ,

333 2790 434 2856 ·'ut
492 2786 819 2878 punctum
881 2785 1009 2858 hoc
1048 2786 1288 2878 aliquid
1345 2783 1426 2859 stt
1455 2837 1479 2873 ‚
1531 2792 1770 2882 quippe
1814 2791 1899 2863 de
1954 2815 2090 2883 quo
2133 2791 2255 2861 dici
2294 2784 2506 2881 potest
2549 2835 2598 2873 ‚-
2632 2783 2812 2880 quod
2852 2781 2948 2858 bis
2993 2787 3257 2880 quieve.

360 2882 483 2962 rit3
513 2883 668 2956 nibil
708 2883 885 2954 enim
930 2908 1015 2955 ne
1045 2883 1238 2957 semel
1285 2884 1552 2976 quidem
1593 2886 1902 2979 quiescit.·
1978 2885 2247 2962 Necefl'e
2296 2886 2496 2958 etiam
2522 2883 2649 2973 est,
2680 2905 2756 2957 ut
2781 2886 3102 2976 punctum
3126 2886 3275 2962 ho&

343 3004 450 3050 eres
479 2978 555 3051 fit
595 2983 652 3070 ,ὲ
678 2980 941 3071 reliquis
992 2979 1344 3068 omnim,
1378 3007 1530 3076 quae
1563 2982 1767 3076 globo
1815 2984 2079 3073 insunt,
2132 2982 2463 3065 distincta,-
2494 3008 2644 3055 cum
2692 2985 2773 3056 de
2816 2984 2944 3055 hoc
2970 2982 3108 3057 solo
3155 2986 3269 3058 di·-

333 3078 412 3146 ·ci
449 3074 690 3168 pellit,
730 3078 911 3171 quod
949 3076 1050 3153 b'is
1088 3077 1716 3179 quieverit31eliqua
1755 3087 1932 3157 enim
1957 3084 2177 3157 omnia
2211 3106 2326 3163 aut
2360 3105 2703 3179 nunquam
2752 3102 2869 3156 aut
2895 3080 3086 3154 semel
3110 3099 3273 3153 tan--

361 3192 501 3244 tum
553 3177 958 3271 quieverunt.
1077 3183 1257 3267 Quae
1276 3202 1427 3250 cum
1457 3181 1547 3251 ita
1582 3181 1646 3252 se
1686 3178 2217 3275 habeant·,.quid
2257 3182 2428 3255 aliud
2454 3221 2458 3226 ·
2480 3181 2710 3265 restat,
2747 3203 2951 3273 quam
2997 3197 3075 3250 ut
3097 3202 3250 3250 con-

357 3271 717 3358 cludamus,
752 3273 892 3344 dari
931 3276 1002 3348 in
1045 3300 1265 3348 rerum
1296 3299 1528 3350 natura
1581 3281 1902 3372 punctum
1933 3304 2087 3352 vete
2134 3279 2669 3353 mathematicum
2709 3325 2732 3361 ‚
2789 3276 3075 3364 illudque
3106 3296 3251 3346 rem

325 3367 470 3442 -eflh
505 3371 591 3443 ab
633 3371 770 3444 aliis
802 3367 994 3445 rebus
1041 3372 1451 3448 distinctam:-

542 3469 772 3542 XVII.
807 3469 1010 3563 ‚Haec
1051 3472 1369 3565 quidem-3
1424 3474 1558 3559 ais,
1603 3475 1641 3542 ὰ
1695 3474 2067 3547 Geometris
2128 3471 2350 3540 omnia
2395 3473 2486 3542 ita
2541 3465 3026 3543 considerentur
3055 3516 3081 3552 ,
3133 3493 3271 3560 per·

323 3586 456 3636 ·me
509 3564 679 3639 licet.
774 3566 851 3637 In
898 3567 1100 3665 globo
1145 3569 1347 3641 solido
1383 3621 1407 3658 ,
1451 3571 1564 3664 qui
1588 3585 1769 3642 totus'
1803 3586 2059 3644 rotatur
2089 3567 2250 3637 circa
2278 3569 2430 3638 axin
2454 3616 2477 3652 ‚
2530 3564 2746 3661 potest
2767 3564 3006 3658 aliquid
3045 3566 3246 3657 quiet:
3342 3574 3353 3590 “

347 3686 494 3734 cens
552 3664 808 3759 concipi
832 3697 857 3750 ,-
898 3693 1167 3754 revera,
1217 3670 1412 3761 quod·
1452 3665 1778 3761 quiescat,
1828 3666 1987 3740 nihil
2033 3664 2143 3737 est.
2245 3666 2611 3753 Qomodo
2655 3665 2830 3736 enim
2867 3660 3055 3749 effet,
3088 3687 3243 3737 cum

341 3762 799 3858 totus-globus
851 3815 898 3851 ‚.
928 3786 1212 3857 quantus
1250 3789 1530 3858 quantus
1572 3765 2045 3853 est‚.rnovetur
2096 3761 2132 3835 ἓ
2176 3761 2428 3837 „Fateor
2471 3814 2495 3851 ‚
2557 3788 2709 3836 cum
2775 3780 2956 3834 totus
3003 3759 3261 3854 globus·

344 3859 500 3932 circa
537 3885 742 3934 axem
789 3884 1094 3935 movetur
1120 3865 1430 3944 32nullum
1467 3890 1700 3959 corpus
1748 3864 1839 3937 est
1860 3915 1886 3953 ‚
1924 3863 2103 3956 quod
2154 3858 2456 3950 quiescit,
2523 3861 2781 3934 nullum
2804 3861 3098 3950 longum,
3129 3858 3293 3953 lad-5

335 3974 478 4028 tum
530 3958 1074 4052 &profundum
1193 3961 1305 4033 Est
1335 3959 1577 4035 'tamen
1628 3960 1968 4035 neceffario
2019 3963 2208 4032 unica
2254 3959 2422 4031 linea
2485 3959 2808 4054 quiescens
2853 4009 2876 4045 ‚
2920 3954 3054 4030 fine
3108 3984 3259 4051 qua·
3380 4032 3387 4038 .

339 4074 556 4129 motus
604 4058 782 4129 circa
820 4082 1015 4131 axem
1057 4061 1306 4153 concipi
1349 4085 1485 4132 non
1522 4060 1773 4154 potest..
1849 4060 2056 4149 Qod
2093 4055 2146 4128 fi
2195 4061 2369 4129 enim
2404 4059 2547 4133 haec
2597 4061 2764 4132 linea
2823 4080 2961 4134 non
3006 4053 3122 4128 nifi
3156 4060 3237 4126 in

343 4153 601 4228 cerebro
634 4156 1157 4229 Geometrarum
1199 4156 1586 4249 quiescerem
1628 4162 1694 4231 δε
1738 4184 1966 4232 revera
2007 4182 2146 4228 non
2191 4159 2404 4229 minus
2452 4183 2691 4232 omnes.
2715 4176 2966 4251 partes,
2995 4152 3231 4248 lineae,

325 4256 575 4341 puncta
623 4254 697 4323 in
750 4253 952 4346 globo
994 4276 1455 4343 moverentur,
1486 4281 1643 4328 cum
1682 4273 1956 4329 rotatur·
1978 4256 2161 4328 circa·
2183 4257 2523 4348 proprium
2566 4280 2797 4339 axem,
2845 4275 3040 4344 quam
3086 4271 3263 4320 curm

317 4369 647 4423 ‘movetur
704 4353 872 4424 ciroe
926 4376 1118 4425 axem
1157 4356 1440 4426 ahenum
1457 4393 1489 4440 ·‚
1535 4375 1651 4424 aut
1690 4356 1815 4426 alio
1855 4373 2249 4447 quocunque
2295 4353 2536 4424 modo:
2578 4350 2917 4446 quomodo
2970 4366 3251 4428 motusr

341 4429 531 4536 quein
579 4450 752 4519 circa
814 4451 1149 4544 proprium
1202 4476 1394 4525 axem
1478 4473 1720 4524 vocant
1750 4503 1774 4539 ,
1844 4443 2134 4523 differret
2200 4447 2288 4518 ab
2335 4449 2460 4521 alio
2500 4468 2893 4543 quocunque
2954 4440 3263 4529 corporis·-

361 4566 554 4618 motu
584 4552 619 4609 ?
702 4542 1086 4619 Differentia
1137 4549 1277 4621 hacc
1318 4571 1453 4621 non
1493 4552 1562 4621 in
1618 4550 2125 4621 Geometrarum
2173 4544 2486 4630 cerebro,
2534 4546 2641 4618 sed
2695 4545 2765 4613 in
2811 4537 2942 4626 ipsa
2966 4558 3040 4603 re
3061 4557 3259 4621 ΨΜ*

360 4644 420 4716 ri
462 4642 668 4716 debet
691 4693 717 4731 ‚
766 4642 884 4716 nifi
943 4643 1114 4717 forte
1169 4648 1377 4720 dicere
1432 4648 1707 4719 velimus
1719 4695 1774 4745 ᾧ,
1814 4648 1932 4719 hos
1979 4664 2238 4831 ἑυοὲυς
2282 4665 2428 4720 non.
2469 4641 2588 4715 nifi
2649 4638 2915 4715 tatione*
2942 4624 3263 4785 ingefffeseq
