4188 5670
1179 429 2376 547 Ertcnaunirgnssu'j
2619 456 2626 461 ·
3095 454 3251 546 551
3330 501 3338 510 .

705 622 1014 703 Totum
1069 613 1232 695 hoc
1269 619 1485 697 Bar
1510 643 1558 697 r
1583 604 1681 696 lii
1706 644 1756 699 a
1787 621 1813 694 1
1868 606 2162 697 mellea
2198 583 2437 699 suada
2472 614 2747 704 docet.
2791 644 2803 651 ·

432 743 679 825 Hunc
730 736 912 847 ‘post
950 730 1441 816 Maeonidem
1483 753 1619 812 tua
1661 735 1840 841 quis
1875 734 2280 841 preconia
2324 738 2623 819 tentet?

356 950 371 957 ²
702 860 895 937 'Vox
947 871 1113 935 erat
1162 850 1332 930 h‘aec
1391 851 1703 930 meritis
1747 851 1991 943 unica,
2040 850 2288 961 digna
2335 854 2510 953 tn-is.

356 1036 371 1045 .
440 971 534 1057 ld
572 970 836 1054 solum
867 962 1212 1080 superest
1252 965 1484 1075 quod
1523 994 1671 1047 nos
1697 1024 1719 1055 ,
1787 966 2255 1072 Chariffime
2280 1024 2303 1061 ‚
2369 973 2627 1083 tangit
2657 1028 2682 1066 ‚

683 1094 987 1199 Atque
1026 1112 1285 1166 unum
1330 1084 1492 1164 hoc
1534 1085 1771 1196 gratis
1836 1083 2485 1280 νετῇὺυέέὲιΐςυε
2521 1118 2831 1174 canam.

441 1212 763 1316 Qanta
809 1227 975 1287 erat
1025 1205 1234 1284 inter
1286 1228 1437 1283 nos
1476 1205 1941 1285 animorum
1985 1203 2136 1305 jun
2191 1219 2357 1309 io!
2427 1208 2686 1314 qualis

717 1324 854 1405 ula
903 1343 1068 1405 erat
1095 1376 1120 1413 ‚
1187 1323 1267 1401 ὅ(
1304 1317 1578 1399 studiis
1621 1345 1868 1427 quam
1909 1316 2065 1397 fuit
2117 1342 2297 1428 apta
2333 1325 2539 1404 meis
2579 1336 2599 1413 Ξ

448 1448 682 1552 Qot
727 1466 925 1525 nos.
992 1464 1239 1548 quam
1286 1433 1558 1518 dulces
1600 1463 1759 1516 una
1802 1432 2330 1546 transegimus
2381 1441 2682 1524 horas?

714 1564 930 1641 Cum
970 1555 1314 1639 memini
1354 1611 1377 1648 ‚
1443 1582 1541 1636 ex
1578 1548 1907 1644 oculis,
1947 1553 2108 1635 heu
2146 1556 2400 1647 mihi!
2471 1582 2699 1671 gutta
2739 1562 2978 1673 eadit!

447 1676 691 1763 Prava
732 1662 954 1758 tua'tn
996 1699 1416 1780 nunquam
1471 1672 1672 1751 texit
1723 1667 2030 1749 fallacia
2090 1694 2509 1772 mentem3

713 1794 987 1900 Usque
1028 1788 1179 1871 tibi
1250 1814 1594 1875 concors
1647 1785 1870 1869 frons
1911 1789 2394 1897 animusque
2437 1790 2611 1873 fuit.

449 1911 711 2015 Qod
753 1910 960 1994 mihi
1016 1904 1464 2016 prodesset,
1532 1904 1927 2014 quodque
1972 1902 2468 2003 oblectaret,
2532 1909 2922 1997 habebas:

715 2033 813 2109 Et
865 2024 1179 2106 fuerant
1227 2021 1516 2131 lepidis
1552 2022 1750 2102 seria
1802 2021 2056 2102 mixta
2111 2023 2340 2125 jocis.

372 2138 382 2149 ’
450 2150 815 2255 ingenue
868 2139 1178 2243 detecta
1228 2130 1441 2239 mihi
1482 2138 1923 2219 monstrare
1966 2136 2312 2222 solebas:

722 2266 924 2365 Qae
964 2259 1171 2339 mihi
1210 2254 1703 2339 monstrabas
1737 2311 1762 2347 ,
1829 2258 2116 2337 omnia
2150 2256 2431 2339 lumen
2479 2286 2730 2347 erant.

459 2382 662 2488 Qae
702 2403 867 2461 vox
919 2386 1089 2455 non
1131 2370 1449 2481 poterat
1485 2426 1509 2462 ‚
1573 2397 1791 2451 nunc
1847 2371 2368 2455 instrumenta
2405 2373 2857 2483 docebant;

718 2501 964 2573 Nunc
1017 2490 1327 2571 calamo
1382 2508 1567 2569 ante
1613 2488 1900 2569 oculos
1933 2489 2144 2595 pista
2195 2489 2455 2602 figura
2504 2526 2759 2584 meos.

469 2615 696 2718 Saepe
751 2610 994 2689 etiam
1037 2604 1389 2695 crescens
1426 2629 1563 2689 tua
1602 2602 1767 2685 laus
1809 2603 2183 2685 accendit
2224 2608 2560 2696 i'nettern
2587 2668 2611 2698 ,

735 2729 1010 2831 Atque
1052 2725 1327 2804 animo
1373 2720 1734 2802 stimulos
1774 2719 2134 2803 subdidit
2176 2721 2431 2832 usque
2475 2758 2768 2829 novos,-

461 2839 1006 2952 Consequitur
1042 2839 1304 2922 socius
1340 2891 1363 2921 2
1429 2838 1663 2946 quod
1714 2868 1886 2922 non
1925 2830 2268 2946 potuere
2310 2847 2704 2960 Magistri:

725 2966 902 3041 Nec
940 2961 1387 3041 minimum
1429 2956 1715 3039 dostus
1759 2959 2012 3040 calcar
2044 2960 2351 3043 amicus
2402 2967 2673 3052 habet.

468 3077 826 3164 Forsitan
874 3077 1013 3158 iste
1057 3077 1273 3159 foret
1320 3074 1623 3155 telluris
1676 3077 1965 3158 inutile
2002 3076 2370 3187 pondus,

734 3197 1007 3303 Qem
1046 3190 1645 3301 condiscipulus
1684 3223 1852 3275 non
1893 3193 2075 3276 finit
2118 3194 2271 3279 esse
2306 3201 2617 3288 rudem.

467 3317 600 3399 Sic
651 3309 861 3404 tibi,
924 3315 1554 3393 BssnNouLLl
1590 3367 1613 3404 ,
1678 3309 1977 3407 fateor,
2040 3310 2517 3428 semperque
2550 3322 2920 3426 fatebor3

728 3437 1006 3537 Atque
1046 3455 1216 3511 uno
1265 3425 1429 3509 hoc
1469 3425 1708 3511 liceat
1742 3427 2048 3534 solvere
2075 3429 2281 3535 justa
2319 3436 2516 3520 tibi:

469 3547 552 3629 Si
606 3544 937 3657 quando
991 3547 1135 3628 hic·
1163 3546 1478 3627 animus
1514 3597 1539 3628 ‚
1605 3546 1807 3655 quid
1860 3546 1953 3629 fit
1986 3546 2525 3659 cognoscere,
2579 3555 2873 3653 -sen'fits

696 3665 785 3742 Si
832 3664 1009 3772 quis
1052 3691 1239 3744 eum
1284 3663 1503 3770 cepit
1543 3666 2041 3774 cognitionis
2084 3693 2316 3750 amor
2348 3697 2381 3769 3

464 3778 552 3861 si
599 3807 734 3863 me
771 3805 943 3859 non
983 3780 1242 3861 aufert
1281 3806 1502 3861 vanae
1541 3778 2270 3879 sententia'turbae,

737 3901 911 3977 Aut
956 3898 1167 4008 rapit
1209 3901 1601 3980 incertam
1659 3899 2043 4010 quaelibet
2083 3929 2270 3983 aura
2306 3929 2612 4009 ratem3

474 4016 556 4098 si
605 4017 876 4098 minus
934 4034 1180 4121 atque
1234 4013 1438 4093 alios
1488 4002 1907 4100 messallax
1954 4018 2167 4101 ludit
2205 4003 2527 4139 imago,

694 4135 890 4224 ‘Ut,
952 4130 1214 4213 menti
1259 4155 1439 4237 quae
1474 4130 1653 4213 sunt
1697 4133 2012 4231 abdita,
2058 4136 2271 4222 scire
2317 4164 2643 4253 putem:

479 4250 563 4333 si
610 4249 1004 4331 concinna
1041 4248 1246 4340 mihi
1286 4274 1456 4330 non
1494 4253 1772 4332 omnia
1821 4275 2033 4335 certa
2085 4255 2504 4344 videntur:

745 4369 930 4449 Hoc
972 4392 1139 4481 ego
1173 4365 1578 4478 praecipue
1632 4366 1944 4530 debfeo,
2004 4375 2342 4486 Amice,
2409 4378 2619 4465 tibi.-

2846 4759 3310 4872 ccxliv
