4188 5670
904 396 1059 481 258,
1755 382 2817 477 Panaima-ronne
2914 406 3074 462 nn.

900 576 1155 637 tantem
1193 558 1478 653 aliquam
1526 582 1832 635 normam
1870 562 1935 633 ἃ
1982 560 2278 653 regulam
2326 581 2479 634 tum
2523 561 2942 654 generalem,
2997 579 3148 635 tum
3184 562 3255 633 in
3309 555 3577 653 lingulis
3619 555 3892 651 specie-⁸

897 660 1026 737 bus
1076 654 1415 752 specialem
1464 657 1887 735 observatam
1928 655 2049 730 effe
2075 713 2099 748 ,
2145 677 2288 733 tam
2328 680 2586 735 certum
2641 660 2732 733 est
2757 712 2782 749 ,
2836 686 3037 755 quam
3085 660 3266 753 quod
3309 653 3763 732 certissimum.

1153 812 1361 905 Qod
1411 811 1458 886 fi
1495 813 1883 891 animalibus
1916 819 2189 912 jungere
2242 818 2554 891 volumus
2611 840 2842 892 omnes
2891 816 3263 910 plantarum
3310 812 3548 909 species
3587 814 3652 884 &
3715 810 3872 907 spe-

905 916 1153 992 cierum
1208 912 1593 1003 individua,
1639 919 1817 990 idem
1873 917 2136 1009 prorsus
2187 916 2564 995 videbimus
2590 969 2613 1004 ,
2670 916 2904 987 cuncta
2949 915 3249 986 videlicet
3304 913 3372 984 in
3413 910 3674 1007 singulis
3708 937 3874 1005 par·

904 1017 1084 1090 tibus
1145 1011 1278 1086 fine
1331 1039 1610 1087 numero
1655 1015 2019 1088 admirabili
2072 1016 2303 1087 ordine
2336 1013 2456 1090 effe
2503 1010 2838 1115 disposita3
2883 1013 3167 1089 eundem
3213 1015 3500 1105 partium
3554 1011 3873 1084 ordinem

906 1114 1273 1188 constanter
1298 1110 1723 1187 observatum
1768 1112 1888 1187 effe
1933 1116 2005 1187 in
2041 1111 2417 1204 arboribus,
2465 1111 2831 1197 fruticibus,
2860 1110 3119 1195 herbis,-
3145 1114 3286 1182 imo
3313 1109 3654 1183 radicibus,
3673 1132 3874 1182 trun-

907 1218 1023 1301 εἰς,
1073 1210 1414 1298 caulibus,
1449 1210 1656 1301 foliis,
1714 1212 2030 1301 floribus,
2080 1211 2403 1315 fructibus
2447 1213 2738 1306 ejusdem
2793 1208 3018 1306 speciei
3044 1240 3066 1293 3
3105 1209 3354 1303 ubique
3407 1207 3526 1282 effe
3571 1209 3871 1303 aliquam

907 1313 1437 1388 convenientiam
1471 1312 1540 1383 in
1586 1313 1822 1407 plantis
1862 1309 2217 1386 omnibus:
2259 1311 2380 1388 ess'e
2425 1334 2649 1391 tamen
2692 1307 3133 1388 diversitatem
3165 1311 3330 1382 inter
3387 1307 3638 1403 species.
3719 1309 3876 1380 Uu-

907 1414 991 1487 de
1050 1412 1395 1487 concludet
1424 1464 1447 1499 ,
1498 1412 1797 1505 regulam
1840 1411 2133 1506 aliquam
2190 1413 2558 1506 generalem
2604 1408 2823 1497 fuiffe‚
2873 1409 3232 1483 secundum
3281 1433 3481 1501 quam
3513 1407 3769 1501 plantae
3801 1408 3874 1505 in

908 1536 1141 1607 genere
1180 1508 1434 1605 disponi
1486 1508 1836 1585 debebant.
1912 1511 2172 1585 Deinde
2237 1536 2503 1585 normas
2564 1508 2859 1604 speciales
2893 1558 2919 1597 ‚
2969 1508 3328 1589 secundum
3395 1533 3555 1609 quas
3608 1504 3875 1602 disponi

909 1608 1260 1684 debebant„
1302 1606 1577 1705 singulae
1602 1608 1877 1706 species,
1925 1608 2417 1709 specierumque
2473 1608 2727 1704 species.

1106 1764 1326 1836 Etiam
1360 1766 1430 1838 in
1461 1765 1657 1841 rebus
1702 1768 1837 1857 aliis
1878 1767 2020 1842 vita
2056 1769 2243 1843 omni
2276 1767 2590 1842 destitutis
2623 1766 3056 1862 pulcherrima
3093 1759 3482 1837 observatur
3518 1752 3879 1843 structum*

910 1880 991 1933 ut
1024 1861 1094 1933 in
1133 1867 1393 1938 conchis
1415 1918 1439 1954 ,
1494 1866 1857 1963 lapidibus,
1926 1867 2350 1941 mineralibus
2369 1918 2394 1955 ‚
2447 1868 2722 1940 metallis
2750 1919 2770 1951 ‚
2790 1867 3327 1940 animadvertunt
3346 1912 3369 1948 ,
3417 1862 3530 1954 qui
3559 1885 3635 1932 ea
3682 1881 3872 1930 aom-

909 1963 1117 2137 ssgus
1170 1967 1698 2060 contemplantur
1723 2019 1750 2055 ,
1813 1990 2113 2060 quorum
2164 1971 2470 2044 omnium
2534 1987 2800 2042 textura
2846 1990 2988 2042 non
3039 1961 3176 2037 fine
3239 1962 3426 2035 certis
3441 1955 3732 2054 ,legibus
3777 1952 3872 2029 est

1051 2085 1106 2131 a.
3563 2098 3572 2107 .

1113 2164 1320 2256 Qod
1367 2160 1415 2235 fi
1463 2168 1714 2260 majora
1770 2182 1993 2241 mente
2052 2167 2336 2241 velimus
2401 2168 2782 2261 complectb
2827 2164 3134 2239 tellurem
3180 2191 3248 2238 v.
3311 2186 3371 2254 g.
3434 2164 3694 2238 totim3
3755 2170 3869 2227 aut

913 2259 1075 2332 alios
1126 2261 1318 2336 orbes
1360 2264 1571 2336 telluri
1622 2262 1912 2349 similes,-
1958 2264 2010 2338 si
2051 2268 2375 2341 astrorum
2439 2264 2844 2360 posituram,
2913 2281 3181 2350 motus,
3243 2282 3630 2333 commun&
3655 2309 3677 2341 ²
3726 2278 3871 2348 1²50·

912 2362 1137 2461 prios3
1189 2359 1236 2433 fi
1286 2363 1568 2455 denique
1627 2363 1949 2458 possemus
2017 2365 2283 2458 angusta
2339 2385 2557 2441 mente
2608 2364 2825 2443 nostra
2899 2381 3125 2439 totum
3194 2358 3522 2433 mundum
3597 2353 3870 2450 perfecte

916 2461 1519 2555 comprehenderes
1580 2482 1697 2540 aut
1755 2462 1978 2537 saltem
2023 2482 2103 2539 ut
2166 2482 2377 2556 partes
2419 2461 3029 2557 comprehendimus
3052 2492 3079 2546 ‚-
3141 2461 3513 2535 videremus
3556 2457 3629 2527 in
3671 2450 3874 2547 omni-

919 2554 1053 2633 bus·
1097 2562 1193 2632 his
1228 2583 1590 2656 eorumque
1638 2560 2055 2656 dispositione
2103 2580 2306 2639 certas
2357 2563 2527 2656 leges
2595 2616 2625 2644 ἡ,
2682 2584 2926 2641 certam
2972 2563 3263 2655 partium
3309 2554 3875 2650 magnitudinem,

929 2652 1217 2750 figuram
1237 2712 1261 2748 ,
1320 2657 1521 2733 fitum
1541 2716 1561 2747 ‚
1630 2662 1998 2737 distantiam
2051 2659 2170 2736 effe
2226 2658 2642 2739 observatam
2662 2712 2686 2750 ‚
2746 2681 2956 2737 certos
2995 2682 3220 2737 motus
3274 2657 3518 2735 inditos
3567 2651 3651 2729 ab
3702 2651 3868 2725 Ente

933 2757 1154 2853 aliquo
1204 2757 1665 2858 sapientiffimo
1716 2767 1779 2846 ὃς
1841 2752 2438 2864 intelligentiffimo‚
3447 2796 3452 2801 ·
3823 2760 3834 2769 ’

1130 2898 1263 2972 Sed
1317 2900 1455 2973 duo
1502 2899 1609 2973 hic
1650 2897 1842 2975 nobis
1885 2901 2186 2990 obstant,
2238 2929 2376 2998 quo
2412 2903 2629 2974 minus
2680 2900 2826 2972 haee
2876 2895 3156 2992 perfecte
3198 2892 3716 2991 cognoscamus-5
3771 2907 3877 2961 an·

940 2991 1147 3087 gustia
1188 3000 1422 3068 mentis
1465 2998 1752 3084 nostrae,
1799 3026 1953 3092 quae
1983 3002 2231 3072 vastam
2281 3003 2449 3072 hanc
2489 2998 2720 3070 mundi
2760 2999 3124 3070 machinam
3171 2992 3726 3088 comprehendere
3776 3008 3880 3058 ne-

938 3094 1128 3189 quit3
1181 3093 1246 3162 &
1293 3115 1608 3186 praeterea
1661 3097 2103 3190 longinquitas
2149 3095 2554 3169 infinitarum
2610 3094 2898 3187 partium
2950 3096 3144 3187 hujus
3185 3093 3455 3179 mundi,
3505 3116 3664 3184 quae
3693 3086 3878 3165 facit,

548 3233 685 3296 Μ,
770 3231 899 3287 flu,
938 3214 1016 3264 ut
1060 3189 1229 3286 saepe
1278 3193 1436 3264 nihil
1478 3194 1635 3266 certi
1677 3193 1757 3268 de
1805 3195 1879 3268 iis
1920 3196 2145 3268 'dicere
2192 3192 2553 3291 poffimus:
2620 3191 2728 3264 sed
2783 3191 3127 3265 acutiffimi
3174 3190 3481 3267 hiriolari
3535 3190 3619 3259 de
3661 3190 3739 3258 iis
3784 3210 3886 3258 co-

545 3316 706 3396 genti
759 3310 895 3390 Cos-
936 3313 1195 3389 gantur.
1271 3292 1397 3366 Sed
1428 3294 1553 3365 hoc
1592 3313 1816 3368 tamen
1861 3317 1998 3368 non
2045 3291 2388 3380 obstante,
2442 3318 2640 3368 nemo
2688 3313 2827 3364 tam
2862 3293 3151 3388 stupidus
3192 3292 3330 3378 est,
3385 3287 3547 3383 quin
3578 3286 3889 3379 aspiciens

554 3393 865 3476 notkero„
912 3391 1267 3464 ‘mundum
1320 3409 1455 3466 non
1510 3420 1701 3492 aeque
1758 3395 2142 3486 concludere
2210 3390 2408 3491 poflit
2432 3444 2455 3480 ,
2504 3390 2686 3466 fixisse
2732 3392 3020 3485 aliquem
3064 3386 3588 3485 sapientissimum
3651 3385 3715 3455 81
3770 3407 3893 3477 po·
3921 3445 3942 3468 „

937 3487 1371 3582 tentiliimuni
1420 3495 1558 3588 ejus
1604 3492 2173 3590 opificelmatque
2220 3493 2550 3570 concludit
2599 3490 2840 3566 urbem
2895 3491 3169 3579 videns,
3198 3486 3373 3564 fuisse
3411 3486 3702 3582 aliquem
3754 3484 3889 3575 ejus

940 3590 1396 3681 conditorem,
1446 3599 1560 3688 qui
1595 3616 1805 3672 artem
1854 3597 2093 3671 domos
2131 3593 2416 3666 struendi
2464 3592 2873 3689 cognoverit.

1141 3747 1352 3834 Qod
1398 3742 1446 3816 si
1489 3773 1649 3819 vero
1688 3749 1830 3836 jam
1869 3745 2400 3837 consideramus,
2463 3751 2669 3845 qualis
2719 3750 2821 3823 ille
2849 3747 3047 3823 fuerit
3087 3751 3318 3826 mundi
3361 3748 3675 3845 opifex}
3719 3740 3896 3815 Vide·

953 3866 1103 3915 mus
1151 3869 1346 3929 eum,
1391 3841 1441 3916 fi
1482 3846 1550 3915 in
1583 3863 1731 3916 toto
1774 3847 2082 3935 ponendo
2120 3845 2691 3920 fuit‘admirabilis
2733 3850 2826 3928 3in
2863 3845 3122 3944 singulis
3150 3900 3172 3934 ,
3225 3852 3425 3922 etiam
3467 3843 3756 3920 minimis
3797 3839 3900 3914 fa⁴

953 3939 1317 4027 bricandis,
1355 3966 1492 4010 non
1532 3946 1745 4013 minus
1783 3938 2111 4013 infinitam
2153 3948 2526 4040 potentiam
2579 3949 2644 4020 δε
2691 3944 3064 4041 sapientiam
3119 3947 3509 4023 monstrasse.
3581 3945 3680 4017 Ut
3721 3942 3899 4014 enim

962 4038 1303 4112 redeamus
1351 4037 1434 4108 ad
1477 4039 1843 4110 animalculi
1890 4039 2320 4129 structuram,
2379 4046 2493 4138 qui
2550 4069 2698 4117 eam
2739 4047 3221 4141 contemplatur
3289 4049 3597 4121 attentius
3637 4093 3659 4130 ,
3716 4037 3901 4113 facilc

963 4133 1312 4230 agnoscet,
1362 4160 1522 4206 eum
1576 4138 1690 4229 qui
1729 4138 1853 4209 hoc
1899 4142 2120 4234 potuit
2173 4139 2423 4228 facere,
2491 4145 2685 4237 hujus
2745 4148 2992 4242 generis
3035 4146 3220 4239 plura
3270 4145 3491 4241 poffe,
3548 4145 3690 4214 imo
3730 4134 3903 4236 poffit

965 4236 1092 4309 alia
1138 4236 1234 4306 his
1275 4232 1505 4306 similia
1534 4235 1574 4305 i.
1618 4260 1673 4307 e.
1717 4259 1927 4312 cetera
1977 4241 2200 4314 omnia
2247 4242 2554 4315 animalia
2590 4242 2840 4330 facere,
2888 4246 3025 4316 imo
3050 4246 3112 4316 8(
3138 4244 3435 4337 plantas,
3486 4248 3550 4317 δι
3593 4237 3688 4312 sic
3726 4240 3906 4313 dein·

966 4360 1139 4427 ceps.
1206 4333 1429 4418 „Facile
1460 4333 1763 4428 agnoscet
1799 4339 2068 4411 tandem
2097 4390 2117 4422 ‚
2163 4340 2293 4413 Ens
2324 4341 2493 4413 istud
2522 4342 2701 4435 quod
2749 4367 2959 4416 unum
3008 4344 3244 4415 horum
3269 4343 3426 4417 fecit
3448 4397 3470 4432 ,
3519 4361 3760 4433 aptum
3789 4319 3906 4411 efl‘e

967 4434 1054 4507 ad
1099 4453 1318 4507 totum
1366 4435 1688 4507 mundum
1738 4435 2144 4525 faciendum,
2181 4460 2376 4532 atque
2424 4444 2513 4510 ita
2551 4442 2797 4514 nullam
2837 4442 3102 4513 tandem
3150 4443 3403 4517 videbit
3429 4438 3714 4514 cauis-am
3753 4459 3906 4534 qua·

967 4559 1040 4607 re
1079 4533 1434 4618 existimet,
1470 4535 1653 4626 plura
1696 4533 1872 4609 fuisse
1923 4541 2140 4624 entia,
2190 4562 2366 4630 quac,
2401 4538 2737 4609 mundum·
2767 4536 3171 4614 fabricarunt
3188 4570 3208 4620 ;
3258 4567 3410 4613 cum
3462 4561 3676 4612 unum
3729 4531 3908 4633 quod

968 4630 1297 4706 infinitam
1342 4632 1716 4725 sapientiam
1773 4639 1838 4706 &
1885 4639 2249 4728 potentiam
2291 4638 2357 4707 in
2406 4659 2539 4706 uno
2584 4655 3094 4730 tantum.‘opere
3137 4641 3566 4727 monstravit,
3623 4640 3756 4710 hac
3805 4655 3940 4706 ea«

964 4732 1120 4808 dem
1177 4731 1484 4828 sapientia
1540 4735 1605 4806 &
1648 4737 1944 4829 potentia
1990 4735 2317 4808 mundum
2370 4752 2592 4808 totum
2644 4735 3002 4829 producere
3048 4742 3390 4833 potuerit3
3442 4741 3582 4813 imo
3633 4736 3860 4809 credet
3883 4780 3908 4815 ‚

3635 4879 3642 4886 —
3671 4852 3912 4938 propte
