4188 5670
992 334 1125 406 *³0
1474 306 2112 384 Drssen‘tt'
2205 323 2384 379 ⁸121⁵
2473 296 3574 413 Leti'-<>.111;-t[(211'11‘sv

1004 499 1375 586 ffincipimn
1424 499 1675 586 corporis
1723 489 2083 583 naturalis)
2134 487 2477 563 materiam
2525 486 2619 560 ita
2669 486 2872 560 aem
2885 510 2921 576 ·,
2971 504 3078 565 ··ut
3091 539 3118 576 ‚
3183 491 3380 584 quod·
3413 508 3563 565 ante
3626 489 3894 584 potentia
3941 517 3950 525 “

1014 610 1278 673 mutum
1336 593 1403 663 in
1441 617 1517 663 ea
1548 610 1689 663 erat
1720 643 1744 679 ‚
1784 592 1920 684 jam
1967 617 2045 669 ex
2070 585 2636 686 potentia‚-nescio
2673 612 2807 681 qua
2838 588 2908 659 vi
2930 634 2958 673 -‚
2983 587 3286 664 maetam
3310 644 3335 678 ‚
3377 591 3719 665 conffituat
3779 610 3894 659 una

1007 714 1171 763 eum
1226 692 1493 762 materia
1527 717 1722 762 unum
1767 714 1873 784 per
1898 688 1991 780 se.
2105 690 2278 764 Haec
2323 684 2529 760 verba
2565 736 2590 773 ‚
2639 710 2726 759 an
2771 682 2859 760 ab
2905 686 3039 758 aliis
3079 690 3516 786 intelligantur
3542 743 3564 778 ‚
3618 688 3897 781 equidem

1009 786 1227 860 nescio
1268 817 1290 857 .-
1322 815 1449 884 ego
1484 808 1656 862 certe
1684 791 1842 863 nihil
1873 791 2164 886 intelligo
2190 841 2215 877 ,
2243 790 2310 863 &
2339 806 2610 863 mecum
2653 781 2910 860 fortaffe
2961 787 3067 858 alii
3102 815 3121 859 ε
3164 791 3355 881 plane
3385 808 3463 863 ut
3509 840 3535 876 ,
3584 786 3637 861 fi
3671 785 3897 859 tensum

1013 908 1246 958 eorum
1293 887 1530 982 affequi
1564 891 1721 963 volo
1750 941 1774 977 ‚
1811 891 1986 963 idem
2023 890 2187 963 mihi
2238 886 2577 981 contingat
2604 938 2630 973 ‚
2713 884 2898 982 quod
2959 884 3185 962 AEneae
3233 889 3595 985 virgiliano
3643 884 3893 977 contigit
3987 940 3993 949 .

1012 982 1325 1065 umbram
1370 987 1701 1063 defunctae
1745 992 1970 1061 uxoris
2006 987 2309 1082 ampledti
2345 986 2596 1059 volenti
2635 1013 2664 1056 -ε
2693 1026 2708 1086 χ

1412 1190 1530 1256 Ter
1577 1204 1814 1259 conatus
1869 1212 2033 1260 eram
2075 1187 2213 1260 coffo
2271 1183 2418 1256 dare
2465 1182 2711 1257 brachia
2766 1191 3062 1274 circum,

1407 1289 1527 1354 Ter
1553 1285 1797 1377 frustra
1849 1284 2182 1377 comprensa
2229 1308 2435 1354 manus
2488 1281 2706 1377 effugit
2761 1290 2788 1353 i
2922 1312 2955 1356 o
2975 1335 3000 1372 ,

1296 1434 1299 1439 -
1401 1387 1528 1453 Par
1567 1384 1797 1459 levibus
1864 1386 2062 1459 ventis
2096 1384 2454 1480 volucrique
2484 1379 2795 1471 fimillima
2879 1392 3070 1456 ‹imno-

1014 1574 1319 1648 Omnino
1348 1578 1550 1654 ,idem
1599 1582 1761 1653 mihi
1807 1583 1953 1657 haee
1994 1587 2302 1668 matera,
2342 1604 2476 1654 una
2522 1602 2680 1651 cum
2726 1576 2838 1651 sua
2868 1586 3138 1672 potentia
3161 1630 3185 1666 ‚
3244 1603 3323 1651 ex
3364 1602 3501 1679 qua
3524 1580 3747 1673 foi-ma
3769 1574 3902 1668 Μ·-

996 1674 1317 1766 stantiales
1385 1679 1736 1753 educuntur
1789 1734 1813 1769 ‚
1888 1678 2105 1754 fatum
2169 1678 2456 1752 habuiffe
2540 1679 2800 1751 videtur
2833 1731 2856 1766 ,
2933 1680 3113 1772 quod
3156 1680 3336 1752 Echo
3362 1732 3386 1765 ,
3436 1706 3589 1775 quae
3629 1679 3909 1754 Hernicis

1017 1771 1426 1863 temporibus
1468 1779 1902 1872 pulcherrima
1947 1779 2074 1855 fuit
2130 1778 2370 1872 virg03
2414 1795 2593 1851 nunc
2639 1777 2731 1850 nil
2779 1774 2897 1849 nisi
2941 1776 3136 1851 sonus
3191 1779 3289 1850 est'
3329 1810 3351 1860 3
3405 1783 3515 1851 ita
3570 1778 3717 1852 sane
3784 1779 3910 1849 haec'

1021 1870 1356 1978 quondam
1394 1872 1428 1967 (
1460 1902 1615 1950 nam
1666 1882 1732 1952 &
1776 1877 2185 1972 Philosophia
2240 1875 2486 1949 habuit·
2521 1875 2633 1950 sua
2698 1896 2998 1970 tempora
3047 1875 3387 1969 Heroica)
3459 1880 3705 1971 aliquid
3749 1870 3913 1949 fuifl'e

974 2034 993 2041 -
1024 1964 1418 2048 wdebantut
1457 2022 1477 2057 ‚
1527 2001 1704 2049 nunc
1745 1978 1837 2052 ita
1882 1999 2220 2052 attenuata
2249 1973 2399 2049 sunt
2431 2027 2458 2063 ,
2533 1993 2610 2048 ut
2660 2001 2855 2049 voces
2896 1973 3024 2049 sint
3050 2028 3075 2065 ,
3127 1998 3571 2071 praetereaque
3611 1978 3790 2050 nihil.
3841 2030 3846 2036 .
3895 2012 3900 2017 -

709 2166 958 2271 snorum
1229 2169 1356 2242 Sed
1409 2171 1460 2246 fi
1507 2199 1688 2249 cacas
1738 2171 1923 2249 hasce
1970 2177 2389 2270 Logomachiaeu
2430 2194 2655 2249 amant
2698 2226 2722 2262 ‚
2768 2174 2879 2268 qui
2947 2175 3151 2249 videri
3204 2178 3441 2248 volunt
3510 2160 3918 2270 intelligere}=

648 2268 839 2394 gnam}
868 2253 1001 2388 „43¹⁶-
1032 2263 1214 2357 quod
1260 2294 1398 2343 non
1423 2274 1840 2369 intelligunt}
1895 2274 1987 2345 illi
2029 2270 2369 2349 necessario
2425 2276 2495 2347 in
2547 2277 2674 2345 hoc
2738 2275 2978 2344 vitium
3031 2276 3325 2345 incidunt
3363 2325 3384 2357 ,
3433 2275 3546 2365 qui
3597 2275 3920 2367 disputant

658 2339 865 2476 332⁸th
907 2432 989 2471 κ
1034 2362 1119 2435 de
1162 2366 1238 2438 iis
1278 2418 1304 2456 2
1364 2397 1519 2465 quae
1570 2377 1785 2468 plane
1852 2372 2043 2468 supra
2094 2392 2362 2465 captum
2415 2373 2762 2444 hominum
2811 2369 2963 2443 sunt
3002 2398 3021 2440 τ
3080 2396 3234 2442 cum
3285 2374 3459 2442 enim
3512 2376 3654 2463 quis
3710 2374 3793 2443 de
3848 2366 3923 2439 e'o

652 2431 990 2578 captm'nqho-
1034 2459 1344 2560 disceptat
1383 2522 1405 2559 ,
1474 2473 1653 2564 cujus
1693 2472 1940 2551 nullam
2001 2474 2038 2543 ὲ
2082 2471 2148 2541 D
2175 2492 2217 2544 Β
2247 2491 2297 2544 0
2355 2474 2696 2543 notionem
2754 2471 3002 2563 aceepit
3027 2519 3050 2554 ,
3099 2467 3242 2541 fieri
3288 2468 3470 2538 aliter
3512 2494 3652 2541 non
3692 2464 3930 2563 potest,

651 2575 985 2656 minamsu-
1032 2586 1238 2656 quam
1284 2589 1362 2641 ut
1410 2570 1616 2645 verba
1640 2622 1666 2659 ,
1711 2570 1949 2667 quibus
1986 2570 2195 2643 utitur
2225 2620 2249 2656 ‚
2303 2567 2554 2641 sensum
2593 2568 2844 2638 nullum
2873 2562 3155 2639 habeant
3204 2593 3223 2636 ε
3292 2565 3472 2658 quod
3525 2564 3669 2638 sane
3725 2565 3937 2657 omnis

640 2672 866 2743 P‘r‘m·
943 2733 948 2737 .
1034 2657 1167 2733 bus
1210 2665 1332 2737 illis
1370 2672 1600 2742 accidit
1627 2719 1651 2757 ‚
1678 2674 2050 2765 quicunque
2089 2666 2362 2741 coelestia
2404 2665 2705 2759 mysteria
2734 2663 3012 2758 perfeflze
3053 2661 3595 2757 comprehendere
3649 2665 3931 2744 volunt;

931 2766 943 2775 ‘
1037 2783 1274 2842 omnes
1319 2768 1496 2840 enim
1541 2768 1640 2842 isti
1673 2771 1909 2844 eodem
1958 2769 2165 2844 modo
2203 2816 2227 2856 ,
2271 2763 2322 2839 si
2363 2791 2500 2841 non
2556 2764 2708 2838 alias
2754 2764 3132 2838 temeritatis
3175 2783 3399 2857 poenas
3447 2756 3606 2832 dant
3650 2811 3672 2847 ‚
3755 2763 3937 2833 delu-

1036 2856 1284 2932 dum-ur
1308 2912 1332 2947 ‚
1386 2891 1529 2955 quo
1566 2869 1671 2938 ille
1702 2871 1769 2940 in
1805 2865 2081 2957 fabulis,
2122 2870 2235 2962 qui
2263 2920 2287 2954 ,
2323 2867 2469 2939 loco
2507 2864 2789 2959 Junonis
2836 2916 2859 2952 ,
2925 2859 3172 2935 nubem
3229 2856 3605 2949 complexus
3635 2860 3740 2961 est
3782 2884 3802 2928 t
3851 2857 3936 2932 ita'

1040 2953 1217 3025 enim
1264 2960 1331 3029 hi
1370 2985 1506 3032 non
1558 2961 1679 3032 nisi
1731 2963 2075 3035 obscuram
2133 2966 2462 3053 quandam
2528 2961 2890 3035 verborum
2937 2957 3187 3031 nubem
3235 3009 3260 3046 ,
3313 2958 3462 3030 loco
3532 2962 3627 3031 tei
3647 3011 3674 3051 ,
3736 2965 3934 3056 quam

1037 3051 1324 3128 humana
1374 3055 1507 3130 sors
1566 3082 1706 3131 non
1774 3062 2038 3153 attingit
2064 3108 2089 3144 ,
2147 3058 2689 3150 complectuntur.
3657 3079 3666 3092 ·

655 3217 999 3358 ‘3222‘ng
1236 3254 1408 3328 Alias
1485 3256 1704 3351 plures
1779 3255 2372 3350 Logomachiarum
2445 3250 2678 3348 species
2760 3252 2865 3325 hic
2932 3251 3282 3347 adjungere
3327 3254 3646 3348 possemus
3687 3283 3714 3329 t
3767 3278 3935 3329 nunc

660 3378 883 3456 aliquot
1046 3353 1224 3424 enim
1265 3351 1566 3429 observes
1587 3408 1610 3444 ,
1636 3378 1900 3454 pugnam
1944 3355 2094 3428 hanc
2140 3350 2248 3450 effi!
2294 3352 2373 3425 ab
2419 3371 2685 3452 utraque
2712 3372 2886 3445 parte
2907 3381 2933 3435 ‚-
2985 3352 3076 3424 ita
3106 3371 3182 3423 ut
3206 3374 3433 3424 neuter
3467 3354 3938 3457 disputantium·

653 3460 894 3550 speeies.
1040 3449 1104 3521 se
1143 3463 1306 3524 'cum
1340 3454 1548 3528 altero
1599 3480 1829 3530 revera
1887 3455 2242 3528 consentire
2287 3451 2508 3526 videat
2553 3479 2577 3536 3
2617 3449 2924 3523 'nune'ab
2971 3474 3096 3519 una
3145 3451 3442 3536 tantiem‘,
3487 3454 3628 3554 itq,
3675 3449 3761 3525 'ut
3785 3446 3939 3524 alter

1041 3546 1422 3624 eonsensum
1457 3556 1684 3627 videns
1704 3607 1729 3641 ‚
1764 3553 1844 3625 de
1880 3580 2014 3647 quo
2053 3573 2301 3648 pugnet
2327 3603 2350 3638 ,
2407 3576 2543 3623 non
2591 3546 2847 3621 habeat.
2981 3546 3170 3616 Illam
3211 3556 3563 3639 reciprocam
3613 3552 3943 3647 Logome‘·

1040 3642 1253 3722 chiam
1280 3699 1303 3734 ‚
1351 3651 1518 3723 hanc
1549 3652 1877 3742 fimplicem
1923 3654 2240 3741 appellare
2279 3652 2445 3722 licet.
2555 3649 2878 3719 Praeterea
2912 3641 3259 3735 aliquando
3320 3668 3613 3741 pugnant
3638 3649 3815 3748 inter
3840 3647 3940 3733 sc,

1042 3767 1307 3843 quorum
1336 3749 1494 3820 alter
1511 3750 1755 3819 alterius
1798 3745 1990 3815 verba
2032 3750 2348 3841 intelligere
2407 3771 2523 3818 non
2571 3742 2755 3845 potest
2795 3771 2815 3810 .·
2866 3741 3215 3840 aliquando
3269 3764 3564 3840 puguant
3617 3749 3795 3820 inter
3834 3747 3896 3819 se
3913 3793 3942 3831 ,

1039 3843 1301 3941 quor'um
1334 3846 1511 3928 ,alim
1551 3844 1746 3915 alium
1796 3842 2113 3936 inteHigere
2158 3868 2274 3913 non
2325 3847 2487 3917 vult.
2570 3840 2681 3913 Est
2729 3843 2794 3913 &
2837 3841 3274 3933 Log'omachia
3297 3893 3322 3928 ‚
3363 3870 3505 3915 cum
3550 3846 3711 3944 alter
3755 3845 3947 3917 verba

1042 3941 1295 4017 alterius
1328 3941 1541 4012 melius
1583 3940 1900 4036 intedigere
1945 3941 2093 4012 vult
2111 3990 2135 4026 ‚
2179 3956 2367 4035 atque
2410 3941 2503 4012 ille
2550 3938 2667 4032 ipse
2691 3989 2715 4026 ‚
2770 3947 2880 4037 qui
2935 3946 3011 4009 iis
3053 3943 3263 4009 utitur
3287 3990 3310 4025 ,
3359 3944 3548 4034 plane
3579 3994 3602 4027 ‚
3669 3967 3749 4015 ut
3783 3969 3948 4038 quo-

1041 4037 1503 4129 modocunque
1533 4040 1601 4110 &
1649 4039 2158 4132 quotiescunque
2204 4038 2307 4108 hic
2348 4058 2639 4110 mentem
2681 4039 2958 4132 explicet
2991 4064 3015 4119 ‚-
3084 4037 3241 4108 alter
3289 4059 3510 4112 tamen
3584 4041 3948 4114 identidem

1041 4159 1181 4210 non
1235 4136 1306 4207 id
1348 4132 1596 4208 refellat
1627 4186 1652 4223 ‚
1707 4137 1888 4230 quod
1944 4135 2054 4207 iste
2100 4133 2385 4230 agnoscit
2430 4188 2452 4222 ,
2522 4134 2626 4208 sed
2707 4139 2888 4230 quod
2935 4137 3000 4204 in
3051 4132 3270 4205 'verbis
3315 4138 3455 4228 ejus
3494 4140 3690 4209 latere
3735 4139 3948 4212 existi·

1037 4251 1179 4309 mat
1201 4261 1225 4313 3
1273 4252 1850 4327 quantumcunque
1901 4234 2005 4305 hic
2053 4235 2226 4306 aliud
2251 4232 2334 4305 ·se
2384 4236 2640 4307 credere
2666 4285 2689 4321 ,
2736 4228 3247 4328 usque&usque
3275 4236 3659 4328 profiteatur
3688 4251 3706 4305 ε
3738 4247 3952 4330 quani

1024 4343 1171 4407 nox·
1208 4331 1657 4429 Logomacbiam
1689 4332 2034 4425 affeei‘atam
2073 4353 2189 4406 aut
2238 4333 2598 4423 malitiofhm
2659 4357 2894 4406 vocare
2968 4324 3314 4422 poffumus.
3381 4335 3506 4412 Sed
3547 4336 3696 4428 haec
3718 4327 3955 4431 “pluri-2

1039 4429 1165 4510 bus
1188 4447 1238 4522 .,·
1264 4455 1418 4506 cum
1460 4431 1547 4509 de
1578 4430 1801 4513 morbi
1853 4433 2049 4528 hujus
2092 4427 2297 4508 mufis
2343 4456 2609 4528 agemus
2636 4480 2662 4520 ,
2708 4429 3196 4526 prosequemun
3334 4445 3338 4449 '
3728 4446 3740 4458 ·

3669 4726 3834 4803 CA
3888 4727 3962 4804 P.
