4188 5670
1392 372 1545 441 nr
1651 352 2462 433 concavus:
2659 345 2668 348 ’
3155 380 3313 451 44,

412 528 647 613 Cicero
675 529 893 615 noster
926 526 1357 629 potiffimum
1392 532 1668 627 profecit
1704 562 1730 616 ς
1775 534 1843 609 id
1872 533 2055 630 quod
2098 531 2374 630 fingulae
2416 530 2584 629 pene
2609 528 3159 610 diviniffimorum
3184 537 3324 630 ejtu

399 637 510 710 cri
526 655 798 732 ptorum
832 634 1092 729 paginae
1119 629 1454 705 testantur.
1525 630 1954 715 Indesummi
1978 633 2149 711 Viri,
2190 620 2751 723 Eraefini,'Mm·eti,
2786 642 3117 721 Martum,
3178 642 3324 711 Sca-

404 737 600 832 liger&
633 729 813 823 Lipfii
832 780 858 819 ‚
906 731 1136 818 Grotii,
1177 728 1408 819 Heinfii
1430 782 1454 818 ‚
1479 732 1718 827 aliique
1750 732 2012 827 plurimi
2033 781 2057 818 ,
2089 730 2395 827 quicquid
2441 731 2512 803 in
2567 729 2826 803 illorum
2857 729 3099 826 scriptis
3117 733 3324 809 admi·

406 855 632 904 ramur
656 825 931 901 fiiblime
950 878 976 917 ‚
1032 827 1340 925 quicquid
1367 827 1656 923 lepidum
1679 878 1703 915 ‚
1752 828 2062 924 quicquid
2108 827 2461 918 facetum·,
2503 828 2808 922 quicquid
2842 830 3031 901 dulce
3052 878 3077 915 ‚
3145 833 3323 922 quic·

409 928 569 1022 quid
599 944 830 1021 aptum
855 976 878 1013 ,
910 929 1282 1002 maximam
1315 946 1586 1041 ,partem
1618 924 1767 1000 sunt
1798 927 2104 1000 mutuati.
2209 926 2296 998 Et
2319 925 2698 1017 hujusmodi
2748 926 3066 999 Dramata
3091 968 3115 996 ε
3165 951 3329 1018 quae·

404 1018 618 1121 legiffe
652 1043 908 1097 tantum
955 1019 1128 1095 Viris
1152 1027 1461 1097 maximis
1488 1021 1781 1119 profuit3
1828 1043 2153 1119 quantum
2205 1024 2444 1096 decoro
2471 1025 2760 1117 corporis
2785 1042 2975 1096 motu
3006 1074 3032 1109 ‚
3065 1042 3217 1116 apta
3250 1049 3323 1096 o·

390 1124 493 1225 xris
516 1123 1044 1215 pronuntiatione
1075 1172 1099 1208 ,
1134 1125 1549 1196 convenienti
1571 1119 1769 1195 rebus
1803 1123 1995 1198 vultu
2042 1171 2066 1209 2
2099 1120 2302 1196 oculis
2327 1170 2353 1209 ‚
2389 1117 2620 1194 habitu
2641 1170 2668 1209 ‚
2704 1118 2936 1196 inceffu
2971 1119 3321 1214 repraesen-

394 1228 543 1292 ‘tata
567 1220 805 1299 intueri
830 1270 855 1307 ,
890 1221 1048 1313 quid
1077 1219 1369 1313 proderit
1390 1219 1426 1292 ἲ
2149 1222 2172 1234 ”
2377 1242 2386 1249 ·

789 1366 1045 1456 Segnius
1077 1344 1330 1436 irritant
1356 1368 1586 1436 animos
1616 1360 1861 1455 demiffiz
1879 1385 1985 1452 per
2010 1384 2224 1448 aures,

788 1466 992 1557 Qcim
1019 1486 1155 1560 qua
1162 1458 1319 1551 sunt
1337 1460 1522 1535 oculis
1544 1456 2138 1558 subjerlafidelibus.

596 1603 800 1678 Nunc
833 1602 884 1677 fi
918 1606 1262 1702 dicendum
1318 1606 1408 1679 est
1459 1606 1540 1681 de
1590 1605 1958 1679 commodis
2002 1654 2027 1691 ‚
2075 1624 2232 1697 quae
2284 1597 2433 1697 ipfis
2471 1605 2708 1675 horum
2760 1602 3155 1677 Dramatum
3216 1618 3314 1675 ac-

404 1695 658 1805 toribus
681 1706 942 1795 propria
973 1704 1121 1777 sunt
1139 1756 1163 1795 ‚
1193 1724 1475 1798 quantus
1519 1705 1763 1777 iterum
1801 1702 1996 1776 nobis
2038 1725 2308 1794 campus
2277 1705 2625 1871 t'Hperitur
2648 1701 2683 1773 ἱ(
2752 1700 3091 1774 Nimirum
3137 1724 3317 1773 exer·

402 1814 554 1867 cent
577 1800 685 1871 h¹e
704 1800 1134 1887 adolescentes
1182 1803 1573 1875 memoriam
1602 1853 1626 1889 ‚
1669 1799 1741 1876 in
1796 1801 1915 1874 hac
1962 1816 2161 1872 aetate
2187 1824 2274 1893 po
2311 1799 2325 1815 '
2381 1822 2596 1870 unum
2636 1797 2965 1891 vigentem
2992 1850 3014 1886 ‚
3043 1801 3110 1871 in
3154 1798 3318 1889 ejus-

378 1917 533 1989 sque
563 1888 1292 1990 penui-‘econdunt‘non
1342 1902 1941 1974 Grammaticarum
1966 1897 2359 1993 {regularum
2387 1947 2411 1981 ,
2468 1920 2605 1968 non
2633 1891 3052 1971 obscurarum
3078 1892 3314 1968 defini-

405 1990 668 2063 tionum
698 1997 993 2069 inutilem
1023 1997 1411 2092 farraginem
1431 2048 1457 2083 ‚
1494 2022 1632 2068 non
1656 1995 2087 2070 barbararum
2114 1993 2619 2079 distinctionum,
2647 1992 3080 2081 baccanum,
3103 1998 3314 2086 petrei-

400 2102 610 2159 tatum
645 2138 665 2174 ‚
716 2094 1142 2190 quidditatum
1175 2097 1410 2168 rudem
1440 2093 1952 2188 indigestamque
1980 2092 2232 2165 molem
2258 2118 2281 2172 3
2332 2089 2438 2164 sed
2489 2087 2884 2166 uberrimam
2912 2117 3068 2165 cum
3093 2113 3315 2163 rerum

404 2182 882 2262 utiliffimarum
900 2241 923 2277 ,
956 2211 1105 2265 tum
1155 2192 1515 2267 verborum
1561 2187 2182 2285 elegantissimorum
2225 2189 2481 2283 copiam
2533 2239 2557 2275 ‚
2615 2190 2937 2262 infinitam
2988 2213 3181 2283 atque
3209 2187 3316 2259 ‘ad

402 2304 672 2371 omnem
690 2286 879 2363 'usum
912 2291 1485 2365 accommodatam
1510 2286 1841 2383 phrafium
1869 2289 2291 2362 varietatem:
2333 2285 2899 2380 splendidissimum
2919 2285 3312 2381 figurarum,

400 2379 981 2473 amplificationum
1006 2437 1032 2476 ‚
1083 2382 1637 2465 ornamentorum
1685 2389 1897 2459 omnis
1925 2386 2177 2481 generis
2200 2434 2225 2470 ‚
2284 2383 2837 2479 flosculorumque
2882 2402 3263 2479 apparatum
3283 2433 3308 2469 ‚

404 2476 800 2586 graviffimas
825 2482 1164 2558 sententias
1186 2517 1212 2570 3
1256 2484 1444 2561 serias
1482 2483 1566 2555 ad
1592 2485 1738 2558 haec
1792 2483 2229 2575 Philosophiae
2280 2482 2749 2575 praeceptiones
2772 2535 2794 2569 ,
2835 2484 3177 2555 innumera
3228 2478 3315 2553 ad

404 2593 719 2646 virtutem
752 2580 1053 2653 ducentia
1078 2630 1104 2667 ,
1136 2586 1174 2652 a
1208 2584 1382 2654 vitiis
1424 2581 1803 2656 revocantia
1840 2597 2267 2675 argumenta,
2309 2578 2597 2650 historias
2642 2581 2999 2654 seleffioroe
3045 2629 3072 2668 ‚
3123 2575 3320 2651 fabu-¹

406 2671 498 2743 las
524 2678 909 2746 amoeniores
926 2726 951 2763 ‚
982 2679 1277 2771 poeticos
1301 2678 1475 2752 lusus
1507 2727 1530 2764 ‚
1568 2674 1859 2776 urbanos
1890 2678 2122 2769 Jocos;
2152 2678 2218 2747 &
2259 2679 2402 2768 quis
2427 2677 2653 2750 omnia
2686 2676 3063 2753 enarraret?

592 2825 961 2918 Acquirunt
989 2851 1307 2924 praeterea
1340 2830 1443 2904 hic
1466 2831 1740 2924 juvenes
1773 2830 2073 2904 decoram
2117 2824 2451 2918 quandam
2494 2825 2562 2898 in
2610 2818 2875 2917 publico
2904 2817 3213 2914 loquendi
3247 2819 3310 2892 &

400 2924 630 3014 agendi
658 2923 1027 2998 libertatem
1052 2957 1081 3010 ‚-
1121 2950 1375 3001 exuunt
1407 2930 1724 3024 puerilem
1762 2947 2024 3001 metum
2051 2955 2078 3011 ‚-
2114 2921 2451 2997 dediscant
2478 2920 2782 2993 rusticum
2810 2919 3171 3014 pudorem,
3195 2918 3308 3011 qui

402 3018 831 3095 adolescentes
881 3049 1085 3118 nuper
1129 3024 1357 3100 ferulae
1393 3025 1749 3099 subductos
1782 3022 1963 3120 quafi
2001 3026 2257 3098 vinctos
2290 3040 2511 3104 tenet,-
2551 3016 2805 3113 spiritus
2845 3019 2953 3090 hic
2979 3012 3309 3088 sublimio-

400 3140 503 3187 res
529 3119 931 3192 excitantur:
966 3123 1336 3197 humiliores
1366 3126 1704 3219 eriguntur
1732 3176 1755 3213 ‚
1787 3148 2015 3197 omnes
2036 3115 2373 3196 utiliffima
2399 3115 2824 3193 aemulatione
2845 3113 3303 3188 accenduntur.

399 3213 670 3308 Ingenia
696 3217 803 3290 hic
828 3221 1079 3311 optime
1105 3220 1469 3299 probantur
1493 3272 1517 3309 ,
1553 3242 1751 3316 atque
1791 3221 1874 3293 ad
1906 3245 2104 3314 quam
2138 3219 2409 3312 quisque
2451 3213 2789 3309 personam
2819 3213 2885 3283 in
2917 3213 3037 3283 hac
3057 3210 3196 3279 vita
3242 3231 3312 3280 a·

358 3313 369 3322 ”
400 3312 679 3404 gendam
737 3312 1099 3408 aptiffimus
1136 3314 1220 3390 -fit
1257 3368 1280 3405 ‚
1321 3320 1576 3392 mature
1623 3343 1705 3392 ex
1743 3316 2071 3410 assumptis
2119 3317 2186 3406 in
2227 3313 2573 3385 Comoedia
2618 3307 2900 3403 personis
2943 3305 3304 3394 conjicitur.

398 3405 775 3486 Affuescunt
814 3417 1061 3486 actores
1086 3415 1289 3490 nostri
1319 3417 1497 3493 vocis
1525 3416 1963 3490 modulationi
1987 3410 2302 3485 distinctae
2328 3458 2353 3492 ‚
2392 3430 2651 3479 canorae
2676 3455 2698 3489 ,
2743 3405 2915 3476 dulci
2935 3431 2961 3485 ,·
2987 3400 3301 3492 sonoque,

345 3517 348 3521 “
400 3531 527 3599 pro
558 3513 922 3602 argumenti
956 3516 1277 3589 varietate
1302 3565 1327 3605 ,
1376 3514 1582 3587 modo
1641 3511 1894 3586 intenso
1922 3560 1945 3597 ,
1978 3507 2185 3582 modo
2206 3500 2460 3577 remifl'o
2487 3553 2512 3587 ‚
2565 3503 2768 3574 modo
2810 3519 3005 3572 acuto
3029 3547 3052 3584 ,
3103 3497 3307 3570 modo

401 3606 635 3697 gravh
687 3611 970 3699 corporis
996 3631 1219 3684 motus
1245 3663 1268 3698 ‚
1313 3613 1396 3685 ad
1442 3608 1763 3689 urbanam
1802 3608 2133 3709 quandam
2161 3599 2590 3686 venustatem,
2627 3621 2778 3669 curn
2821 3598 3130 3694 dignitate
3153 3619 3305 3668 con-

401 3701 709 3796 junstam
734 3754 758 3791 ‚
788 3729 1178 3799 componere
1205 3708 1480 3786 discunt.

594 3856 769 3929 Haec
826 3880 990 3930 ver·
1042 3877 1365 3950 quantum
1407 3862 1491 3936 ad
1538 3858 1996 3957 Eloquentiam
2040 3852 2363 3927 momenti
2404 3845 2719 3935 afferant,
2768 3870 2965 3921 nemo
3013 3841 3301 3917 vestrum

402 3952 496 4024 est
517 4001 541 4037 ‚
597 3955 753 4048 quin
794 3954 935 4047 jam
955 4003 976 4039 ‚
1026 3979 1167 4026 non
1216 3958 1365 4032 dico
1387 3961 1708 4034 audiverit
1735 4012 1759 4048 ‚
1811 3958 1915 4033 sed
1945 3952 2075 4051 ipse
2120 3945 2473 4043 saepiflime,
2495 3945 2771 4022 senserit.
2849 3944 3036 4039 Legit
3060 3942 3300 4034 AEschi·

403 4074 497 4121 ⁷¹²³
516 4100 539 4134 2
588 4050 877 4124 summus
925 4054 990 4124 &
1020 4051 1177 4145 ipse.
1201 4055 1451 4128 Orator
1471 4107 1493 4142 ‚
1525 4056 1920 4149 Demosthenis
1969 4074 2170 4147 quam
2223 4069 2347 4141 pro
2397 4043 2818 4146 Ctefiphonte
2865 4041 3095 4119 habuit
3114 4091 3136 4126 ‚
3161 4064 3303 4112 ora-

402 4149 677 4219 tionem.
751 4150 967 4226 Placet
1018 4150 1294 4225 Rhodiis
1349 4152 1759 4226 audientibus
1784 4198 1804 4225 ‚
1858 4171 2056 4244 atque
2107 4149 2269 4220 adeo
2319 4146 2398 4218 ad
2455 4169 2667 4219 unum
2716 4167 2943 4219 omnes
2990 4139 3164 4211 illam
3190 4135 3299 4207 ad-

356 4307 365 4312 „
405 4245 746 4317 mirantur.
852 4249 943 4320 At
991 4248 1149 4341 quid
1179 4302 1204 4337 ‚
1247 4247 1299 4323 fi
1351 4250 1597 4346 ipsum,
1647 4252 1740 4324 ait
1778 4247 2138 4331 AEsehines,
2171 4242 2679 4320 Demosthenem
2723 4237 3042 4314 audissetis
3067 4235 3100 4303 ’.Ι
3124 4233 3301 4306 Tan-

404 4362 549 4414 tam
584 4342 654 4413 in
673 4345 927 4416 actione
977 4345 1173 4439 hujus
1209 4349 1382 4436 viri,
1439 4351 1731 4444 optimus
1781 4350 1849 4420 in
1897 4347 2020 4420 hac
2050 4360 2188 4416 arte
2243 4339 2441 4431 judex
2468 4390 2491 4427 ‚
2539 4341 2679 4416 vim
2724 4337 2842 4411 effe
2881 4330 3293 4441 existimavit.

411 4442 661 4527 Qwre
686 4463 769 4515 ex
796 4442 921 4518 hoc
950 4440 1085 4536 ipso
1120 4445 1559 4524 Demosthene
1585 4497 1610 4533 ‚
1636 4444 1792 4541 quid
1826 4445 1893 4517 in
1920 4443 2215 4520 oratione
2259 4440 2548 4532 primum
2575 4433 2658 4508 fit
2686 4462 2714 4516 ,-
2754 4437 3053 4517 ὑπίειριπν
3080 4424 3251 4533 dicet
3272 4451 3298 4504 3

405 4538 869 4736 aaa&
911 4537 1693 4730 aaa
1734 4535 2537 4714 exaitare}
2580 4517 3303 4710 aaa&

354 4721 361 4726 .
658 4713 667 4722 .
822 4689 837 4708 “
1160 4692 1179 4711 ⁸
1404 4668 1440 4717 e
1490 4673 1575 4715 W
1607 4674 1656 4734 κί’
1674 4670 1787 4716 858?
2493 4682 2515 4706 ο
3256 4707 3269 4719 .

667 4733 687 4762 ³
900 4759 911 4768 ·
1821 4739 1880 4820 L
1911 4734 1980 4810 11
2081 4753 2119 4825 3
3123 4728 3306 4802 &00³⁸
