4188 5670
258 4359 271 4367 .
382 4322 536 4374 tum
563 4330 590 4385 ,-
651 4323 795 4371 non
834 4301 905 4372 in
946 4326 1028 4372 eo
1065 4300 1215 4373 loco
1262 4349 1288 4387 ‚
1338 4326 1477 4376 non
1522 4299 1589 4372 in
1652 4324 1731 4372 eo

1113 297 1936 371 Exrsrnnrxa
2052 288 2326 367 De'r.
2599 397 2620 407 -
3029 308 3047 319 ’
3156 311 3291 387 281

286 472 295 475 ⁷
368 486 447 559 ris
488 476 641 555 vasa
682 481 767 556 ad
796 474 1165 554 hominum'
1189 472 1384 547 usum
1433 457 1917 550 conficientur-3
1969 483 2151 563 parte
2185 469 2425 542 aurum
2475 472 2542 543 in
2589 468 2986 546 tenuissimas
3035 475 3312 552 laminas

368 588 429 657 &
474 578 590 653 fila
627 576 992 653 tenuiffima
1053 581 1124 648 in
1170 572 1447 649 vestium
1494 591 1807 644 ornatum
1861 570 2220 643 diducetur.
2299 569 2388 641 Et
2433 566 2481 640 fi
2539 595 2691 661 quae
2744 573 2867 644 alia
2925 575 3021 644 his
3071 578 3305 650 addere

366 683 589 776 placet.
667 680 837 751 Haec
891 678 1068 750 enim
1117 674 1345 746 omnia
1389 695 1523 741 non
1568 688 1711 740 tam
1740 665 2142 743 admirabilia
2196 663 2430 753 effent‚
2485 691 2689 760 quarn
2738 689 2919 741 totus
2971 677 3302 770 mundus,

367 781 434 851 in
470 800 683 869 eoque
730 780 1001 852 omnia3
1058 790 1305 844 mentes
1329 818 1352 854 ,
1407 792 1729 860 corpora,
1795 766 2139 853 animalia,
2167 766 2456 859 plant‘ae,
2485 789 2568 840 ex
2594 763 2873 841 fortuito
2918 788 3312 847 atomorum

368 872 680 949 concursu
727 873 915 945 factm
2293 900 2298 903 ⁴

558 1022 665 1096 En
713 1047 848 1117 quo
895 1024 1191 1095 homines
1245 1015 1680 1102 delabuntur,
1724 1019 1839 1109 qui
1885 1015 2121 1111 nolunt
2164 1015 2388 1089 Deum
2436 1034 2754 1110 tanquam
2791 1014 3066 1094 eauffam
3118 1020 3319 1113 hujus

368 1121 603 1194 mundi
650 1117 1032 1217 agnoscere!
2070 1121 2081 1133 ’
2838 1155 2842 1159 ·

567 1267 913 1340 sumamus
937 1262 1173 1334 animal
1211 1285 1417 1333 unum
1436 1310 1461 1346 ,
1504 1263 1576 1332 ·&
1617 1258 2031 1335 consideratis
2081 1262 2438 1335 innumeris
2483 1263 2624 1356 ejus
2661 1260 2998 1356 partibus,
3027 1256 3312 1358 quarunt
3367 1303 3371 1307 -

366 1363 548 1436 nulla
590 1361 820 1435 frustra
867 1357 1075 1455 pofita
1125 1358 1255 1447 est,
1314 1360 1378 1430 &
1418 1355 1629 1450 pofita
1666 1360 1794 1430 hoc
1836 1363 1986 1433 loco
2042 1363 2111 1432 in
2161 1385 2297 1451 quo
2348 1361 2489 1444 est‚·
2550 1358 3029 1433 confideremus
3081 1386 3169 1432 ex
3200 1360 3314 1430 illo

326 1461 630 1533 ·animali
658 1510 684 1548 ‚
733 1457 783 1531 ss
826 1459 1109 1531 mundus
1156 1462 1226 1528 in
1276 1453 1611 1528 infinitum
1653 1458 1957 1544 duraret,
2008 1457 2265 1533 infinita
2306 1457 2623 1550 ejusmodi
2669 1458 2973 1533 animalia
3021 1458 3318 1550 proditu-

367 1582 438 1630 ra
453 1588 479 1641 ‚-
532 1560 600 1631 in
637 1556 884 1650 quibus
914 1554 1226 1629 omnibus
1270 1554 1522 1626 eaedem
1570 1573 1784 1652 partes
1814 1558 2052 1631 eodem
2097 1556 2307 1629 modo
2335 1555 2579 1648 semper
2622 1552 2947 1650 dispositae
2975 1557 3316 1640 inveniem-

369 1677 479 1728 tur
529 1684 547 1727 ε
582 1656 752 1745 Qis
796 1656 968 1729 sanae
1010 1655 1244 1725 mentis
1290 1653 1493 1737 dicet,
1541 1653 1669 1745 hoc
1713 1654 2012 1740 animal,
2042 1655 2212 1727 hanc
2236 1655 2524 1746 partium
2567 1651 3050 1748 dispositionem
3075 1704 3099 1741 ‚
3150 1657 3318 1727 hanc

367 1752 751 1829 facultatem
798 1748 1296 1845 innumerabilia
1339 1750 1642 1847 animalia
1690 1775 1803 1842 per
1853 1752 2124 1846 longam
2177 1752 2489 1845 temporis
2523 1748 2976 1825 succeffionem
3005 1776 3089 1823 ex
3113 1748 3176 1824 se
3205 1777 3319 1846 pa-

367 1852 617 1941 riendi,
665 1849 942 1924 fortuito
994 1850 1251 1923 cuidam
1312 1868 1699 1920 atomorum
1748 1848 2089 1921 concursui
2133 1846 2376 1922 deberi.
2448 1850 2661 1923 Miror
2701 1868 2871 1922 certe
2911 1850 3266 1943 Epicurum
3292 1902 3320 1936 ,

365 1950 715 2044 postquam
789 1969 1012 2021 totum
1062 1948 1385 2018 mundum
1441 1970 1524 2017 ex
1574 1966 1954 2019 atomorum
2023 1946 2143 2019 isto
2207 1946 2520 2019 concursu
2563 1947 2924 2043 produxit,
2983 1970 3120 2019 non
3167 1930 3328 2020 inde

368 2071 645 2139 quoque
698 2042 1063 2140 produxiffe
1086 2046 1266 2116 Deos
1291 2042 1480 2130 suoS,
1529 2046 1853 2138 praecipue
1896 2070 2047 2118 curn
2082 2062 2332 2118 mentes
2369 2069 2636 2140 quoque
2661 2038 2744 2118 ei
2771 2048 3007 2119 atomis
3052 2068 3323 2118 concur-

371 2141 672 2215 santibus
719 2164 894 2217 ortas
936 2142 1231 2223 statuit5l
1276 2167 1432 2214 nam
1484 2135 1634 2213 sane
1685 2145 1972 2216 mundus
2025 2146 2128 2217 hic
2169 2143 2260 2216 est
2310 2168 2477 2238 opus
2533 2146 2726 2239 longe
2783 2141 3124 2231 nobilium,
3175 2143 3328 2218 Diis

369 2240 501 2311 illis
554 2238 780 2316 otiosis
830 2247 894 2317 ἃ
934 2264 1256 2336 perpetuo
1306 2237 1793 2313 dormientibus
1845 2245 2126 2337 Epicuri.
3257 2240 3269 2267 ³

575 2374 703 2470 Sed
753 2393 914 2490 quid
960 2390 1188 2489 quaeso
1242 2388 1529 2465 afferunt
1572 2393 1872 2486 Epicurei
1921 2391 2006 2463 ad
2056 2388 2400 2465 ridiculam
2445 2390 2634 2464 istam
2681 2387 3064 2464 sententiam
3129 2380 3323 2462 stabi·

368 2488 682 2564 liendam.
761 2484 1040 2583 Musca,
1085 2494 1432 2581 inquiunt,
1486 2489 1577 2575 ἓξ
1605 2491 1824 2581 inst-311
1885 2517 1963 2561 ex
2013 2490 2150 2562 luto
2196 2498 2500 2562 oriuntur.
2580 2489 2854 2582 Egregia
2902 2514 3063 2561 vero
3093 2486 3322 2581 proba·

364 2588 469 2657 tio
527 2591 546 2658 !
613 2590 770 2660 Hoc
815 2588 1022 2681 ipsum
1062 2588 1151 2659 est
1190 2637 1215 2672 ‚
1287 2588 1471 2679 quod
1533 2586 1623 2657 ab
1698 2584 2012 2658 omnibus
2122 2584 2481 2658 sanioribus
2565 2585 2958 2679 philosophis
3027 2602 3321 2677 negatur-

365 2683 482 2754 Ex
526 2682 776 2756 semine
814 2688 1045 2756 omnia
1077 2686 1378 2755 animalia
1425 2681 1825 2762 nascuntur3
1882 2682 2066 2775 quod
2118 2699 2236 2753 aut
2286 2682 2420 2775 ipsa
2451 2684 2756 2757 animalia
2797 2686 2867 2754 in
2912 2681 3136 2775 sejam
3162 2706 3320 2754 con.

373 2780 555 2853 tinet
617 2778 900 2854 formata
949 2828 978 2867 ,
1087 2798 1205 2852 aut
1253 2781 1572 2853 virtutem
1646 2780 1980 2871 quandam
2048 2778 2353 2852 animalia
2419 2803 2502 2851 ex
2567 2778 2629 2851 se
2695 2778 3020 2853 formandi
3069 2779 3325 2852 aliunde

367 2882 634 2972 accepit
682 2898 704 2946 ε
748 2883 813 2953 &
850 2880 1097 2970 accepit
1143 2872 1285 2950 five
1355 2875 1703 2949 immediate
1747 2873 1885 2949 five
1932 2876 2205 2948 mediate
2251 2877 2290 2946 ὲ
2366 2873 2571 2949 cauffa
2628 2879 2840 2972 aliqua
2911 2877 3324 2974 intelligente.

579 3022 927 3100 Proferunt
975 3052 1249 3122 quoque
1299 3027 1599 3122 Epicurei
1656 3030 1956 3124 exempla
2004 3055 2228 3104 rerum
2280 3029 2425 3103 casu
2475 3033 2991 3124 productarum,
3029 3034 3114 3103 *in
3169 3031 3314 3123 qui-

369 3119 501 3194 bus
554 3148 701 3194 non
756 3123 980 3197 minor
1030 3150 1506 3219 nonnunquam
1554 3128 1719 3199 ordo
1760 3130 1823 3200 &
1852 3132 2254 3202 concinnitas
2299 3131 2581 3204 videtur.
2675 3134 2802 3204 Sed
2827 3185 2849 3218 ,
2873 3143 3326 3224 praeterquam

354 3223 561 3314 -quod
610 3217 782 3292 casui
826 3219 1187 3294 adscribant
1235 3226 1441 3296 multa
1466 3273 1493 3311 ,
1552 3225 1622 3296 in
1665 3224 1911 3317 quibus
1968 3225 2308 3299 confilium
2361 3229 2702 3321 agnoscere
2775 3226 3106 3298 debebant
3160 3250 3179 3291 ε
3261 3246 3328 3293 e-

376 3318 605 3392 tiamsi
663 3320 929 3392 daretur
970 3344 1180 3391 unum
1234 3340 1431 3412 atque
1473 3320 1756 3392 alterum
1784 3371 1809 3407 ,
1869 3323 1937 3392 in
1977 3346 2113 3415 qno
2156 3326 2324 3394 mira
2367 3324 3107 3415 partiumconcinnitas
3144 3319 3323 3391 vide-

372 3437 486 3490 tur
524 3449 554 3502 ,-
606 3441 777 3489 num
820 3443 905 3490 ex
953 3443 1034 3490 eo
1089 3416 1356 3511 probari
1411 3417 1668 3512 potest,
1722 3422 2052 3511 integrum
2085 3419 2412 3491 mundum
2463 3416 2714 3509 ficeffe
2767 3415 3194 3490 formatum?
3253 3418 3322 3492 Si

373 3539 460 3586 ex
510 3517 874 3588 temerario
919 3536 1234 3610 typorum
1277 3516 1961 3608 chalcographicorum
2004 3520 2070 3586 in
2117 3536 2367 3587 terram
2390 3516 2564 3607 jactu
2603 3516 2901 3589 existeret
2944 3514 3160 3588 versus
3205 3515 3314 3588 ali-

370 3615 518 3707 quis
580 3610 898 3707 Virgilii3
951 3639 1033 3685 an
1079 3612 1382 3687 credibile
1446 3611 1537 3686 est
1595 3630 1807 3706 totam
1848 3612 2119 3685 AEneida
2175 3635 2257 3685 ex
2306 3613 2652 3706 tali.jat‘tu
2729 3639 3022 3708 unquam
3084 3614 3318 3687 extitu-

372 3737 517 3786 tam
567 3709 608 3785 ‚⁹
671 3710 776 3782 Ita
822 3736 1118 3806 quoque,
1181 3708 1229 3782 fi
1276 3709 1450 3784 foret
1490 3713 1559 3782 in
1611 3712 1862 3784 mundo
1897 3729 2157 3784 tantum
2204 3735 2415 3785 unum
2445 3715 2508 3786 ἃ
2554 3714 2831 3786 alterum
2857 3737 3089 3808 corpus
3120 3763 3143 3800 ,
3201 3710 3322 3785 ubi

369 3833 593 3904 partes
654 3804 823 3881 bene
864 3809 1095 3882 multae
1134 3834 1269 3880 non
1320 3810 1706 3884 inconcinne
1759 3811 1927 3883 inter
1979 3808 2045 3883 se
2106 3806 2302 3883 effent
2362 3808 2689 3907 dispofitae
2730 3864 2755 3899 ,
2828 3838 2964 3886 non
3028 3812 3315 3884 multum
3389 3897 3400 3901 ᾗ

373 3909 595 3981 adhuc
650 3905 801 4002 inde
849 3907 1152 3980 concludi
1210 3903 1435 3999 poffiet.
1610 3908 1734 3981 Sed
1782 3908 1849 3980 in
1904 3934 2040 3981 uno
2082 3927 2347 3982 tantum
2392 3911 2782 4007 animalculo
2851 3908 3132 4000 infinitae
3169 3907 3348 3980 sunt‘

377 4027 600 4100 partes
630 4054 663 4093 ‚
709 4005 804 4076 ita
852 4006 1022 4079 inter
1060 4003 1128 4076 se
1174 4002 1436 4097 digestae
1463 4056 1487 4093 ,
1520 4024 1600 4077 ut
1644 4007 1770 4078 hoc
1818 4006 2183 4099 quemlibet
2221 4011 2328 4081 eas'
2390 4004 2901 4082 confiderantem
2963 4012 3033 4082 in
3089 4008 3354 4100 stupor

382 4131 527 4178 rem
552 4105 724 4178 dare
737 4099 958 4198 poffit.
1033 4101 1218 4177 Nihil
1242 4100 1678 4177 frustraneum
1698 4102 1787 4175 est
1820 4106 1885 4175 in
1915 4105 2023 4178 illa
2055 4099 2514 4179 innumerabili
2536 4110 2820 4201 partium
2847 4099 3320 4181 multitudine}

378 4205 547 4276 nihil
595 4225 743 4274 non
782 4202 921 4293 ejus
963 4199 1435 4296 magnitudinis
1457 4252 1481 4290 ,
1544 4202 1682 4293 ejus
1733 4198 1966 4370 filgurae
1994 4254 2019 4289 ,
2073 4203 2210 4295 ejus
2276 4206 2507 4278 coloris
2544 4257 2578 4291 ‚0
2617 4207 3001 4277 aliarumve
3044 4199 3316 4293 qualita-

1748 4361 1765 4374 .
1801 4319 1899 4371 ιω
1946 4296 2229 4392 pofiturn
2258 4353 2283 4389 ,
2341 4328 2477 4376 non
2534 4303 2614 4373 ad
2661 4325 2803 4372 eam
2858 4295 3318 4378 functionem,

383 4401 470 4472 ad
500 4421 717 4493 quam
768 4398 1158 4491 destinatum
1206 4396 1297 4470 est
1316 4451 1345 4492 ,
1406 4393 1816 4497 aptiffimum
1866 4426 1895 4488 ‚-
1946 4397 2106 4471 nihil
2127 4399 2406 4498 denique
2453 4424 2594 4473 non
2623 4417 2892 4472 tantum
2913 4446 2938 4483 ,
2963 4393 3114 4473 tale,
3145 4385 3320 4471 ubis

383 4494 753 4593 quomodo
773 4547 799 4586 ,
837 4492 956 4569 effe
999 4493 1220 4574 debet
1826 4565 1834 4574 .
1884 4546 1893 4560 ·
2629 4547 2638 4557 ·

713 4639 727 4676 .†
1151 4623 1157 4637 ²
1809 4593 2301 4693 ..Nea
2475 4673 2482 4680 .
2815 4637 2826 4644 -
3003 4564 3322 4686 „1²¹”
