4188 5670
952 283 1093 358 392
1441 257 3155 374 DrssnnT3nerrnonrs

550 424 803 493 '5aeme
818 434 876 490 ³⁸
949 445 1245 518 oratione
1269 488 1294 527 ‚
1346 461 1548 532 quam
1570 434 1756 511 decet
1786 489 1811 525 ,
1851 435 1914 510 se
1936 435 2245 512 extollere
2275 434 2513 509 volunt
2542 485 2594 523 ,.
2632 436 2837 510 Gallis
2860 438 3187 511 hodiernis
3240 440 3638 525 φοιξολομῒα
3696 439 3873 514 Pboe-

555 517 840 678 xiim
912 537 1641 650 ·b¹¹m¹0<1“?d³0²⁰t²¹t·
2432 633 2447 649 .
2506 633 2520 647 .
2684 633 2698 648 .
2751 634 2767 650 .
2932 634 2946 650 .
3139 631 3153 645 .
3365 621 3372 630 .
3424 633 3439 648 .
3722 589 3730 594 ·

550 681 702 761 ὕψος
730 676 797 746 ἃ
1098 671 1121 752 .‘
1150 636 1335 725 Qud
1361 636 1428 705 in
1455 657 1749 706 oratione
1786 627 2057 744 pericope-2
2099 626 2218 716 sit,
2256 653 2479 725 nequit
2502 631 2769 745 intelligi
2801 683 2826 720 ,
2883 630 2998 705 nisi
3054 653 3233 743 prius
3259 680 3282 716 ,
3329 633 3486 725 quid
3511 659 3764 749 revera
3789 634 3869 711 fit

554 778 682 862 μί),
709 768 799 850 oo:
948 736 1223 809 subhme
1244 783 1265 816 ‚
1297 730 1757 826 cognoscamus
1785 756 1804 799 :
1848 729 1913 799 id
1953 729 2131 820 quod
2161 747 2315 800 ante
2350 754 2569 800 omma
2588 730 2856 821 planum
2889 732 2978 802 est
3015 728 3397 801 faciendum.
3456 733 3662 802 Sitne
3690 735 3863 805 idem

542 885 616 926 a„
636 866 695 922 di
739 881 897 927 eran,
951 835 1096 919 ῧψες
1129 837 1375 925 Longini
1429 831 1492 900 &
1524 834 1786 914 possae
1839 834 2228 919 Hermogenis
2250 876 2275 912 ,
2333 828 2430 897 uti
2461 828 2778 918 plerisque
2826 828 3062 920 placuit
3098 877 3120 911 ,
3233 851 3318 897 an
3364 828 3514 930 hege
3567 831 3746 901 inter
3799 832 3861 903 se

542 948 579 984 *¹
600 863 872 1025 Boistau,
946 925 1247 1002 differant
1270 977 1293 1013 ,
1338 945 1417 997 ut
1444 925 1825 1024 .T0maquillo
1856 923 2045 994 fabro
2073 921 2288 992 visum
2309 922 2434 994 fuit
2456 974 2478 1010 ,
2508 942 2706 1016 atque
2753 920 3218 1016 elegantiffimo
3255 923 3421 994 Viro
3443 974 3469 1011 ‚
3511 929 3634 997 cui
3663 932 3860 1001 Galli-

542 1025 788 1105 Despre-
940 1053 1075 1101 cam
1105 1032 1355 1123 Longini
1372 1023 1697 1115 verfionem
1745 1025 1789 1070 ’l‘
1814 1018 2171 1091 debemus:
2209 1020 2500 1094 decidere
2531 1023 2855 1093 nolumus.
2919 1022 3346 1096 Confundant
3390 1022 3543 1093 haec
3566 1073 3592 1109 ,
3649 1025 3860 1100 distin-

544 1126 657 1169 ΨΧ
683 1152 705 1181 ²
887 1210 893 1217 ι
948 1145 1196 1220 gnane,
1252 1121 1489 1218 quibus
1537 1120 1762 1192 lubet:
1813 1104 2004 1218 nobis
2042 1118 2295 1189 dicendi
2342 1137 2667 1213 praecepta
2692 1120 2940 1195 tradere
2972 1172 2996 1208 ,
3068 1145 3205 1192 non
3238 1119 3632 1192 Rhetorum
3666 1149 3857 1197 voca-

546 1186 797 1329 {ffloe
943 1222 1099 1296 bula
1150 1222 1554 1314 interpretari
1578 1214 1985 1312 propositum
2012 1215 2121 1286 est.
3747 1290 3752 1293 .
3783 1238 3792 1246 ’

444 1401 449 1410 .
556 1349 649 1409 Ad
660 1315 814 1427 [⁸213
1139 1323 1239 1395 Ad
1278 1317 1569 1416 grandem
1615 1336 1811 1407 atque
1847 1313 2174 1403 sublimem
2219 1314 2583 1411 orationem
2608 1364 2633 1399 ‚
2694 1314 2789 1384 his
2829 1315 3007 1401 enim
3045 1314 3321 1390 vocibus
3373 1320 3557 1393 idem
3611 1317 3663 1390 fi
3714 1317 3851 1393 nifi-

550 1445 694 1486 mem
726 1452 851 1490 ora·
944 1444 1166 1492 camus
1184 1472 1206 1507 ‚
1244 1420 1542 1511 primum
1594 1415 1897 1484 omnium
1933 1411 2279 1502 requiritur
2305 1462 2330 1496 ‚
2383 1432 2458 1483 ut
2484 1437 2617 1493 res,
2680 1411 2762 1482 de
2799 1437 2928 1504 qua
2969 1411 3241 1484 dicimus
3264 1458 3285 1486 ‚
3330 1419 3597 1514 grandis
3675 1437 3728 1488 it
3755 1441 3846 1489 at-

552 1513 756 1568 :ionem
943 1543 1071 1612 que
1095 1518 1398 1608 sublimis.
1466 1511 1607 1583 Alia
1645 1509 1731 1582 ab
1778 1507 2152 1581 hominibus
2198 1509 2394 1599 pluris
2419 1559 2441 1593 ‚
2500 1510 2634 1582 alia
2673 1509 2938 1580 minoris
2964 1510 3360 1584 aeffimantur
3391 1544 3411 1595 3
3443 1540 3606 1608 quae
3648 1516 3840 1608 pluris

550 1593 693 1688 4⁶3³
718 1612 811 1652 ’τ’
884 1681 921 1697 f
946 1615 1345 1688 aestimantur
1379 1610 1626 1700 majora
1650 1659 1672 1694 ‚
1724 1632 1876 1700 quae
1917 1606 2222 1681 minoris,
2283 1608 2537 1680 minora
2569 1606 2875 1678 dicuntur
2910 1635 2926 1677 :
2981 1633 3135 1699 quae
3164 1612 3331 1683 inter
3361 1615 3623 1703 majora
3648 1615 3844 1704 excel-

516 1685 829 1746 'smmum
939 1712 1086 1784 lunt
1116 1762 1139 1798 ‚
1189 1736 1264 1784 ea
1286 1733 1559 1803 magna,
1608 1707 1872 1800 grandia
1905 1755 1929 1792 ‚
1990 1707 2053 1775 &
2083 1699 2380 1774 sublimia
2408 1727 2720 1779 vocamus
2746 1731 2792 1781 31
2819 1707 3321 1801 producuntque
3359 1714 3510 1782 haec
3545 1711 3614 1780 in
3640 1712 3837 1781 homi·

937 1807 1133 1881 nibus
1181 1808 1677 1882 admirationem
1703 1855 1728 1891 ,
1778 1798 2334 1898 quemadmodum
2386 1826 2460 1876 ea
2508 1855 2534 1893 ‚
2615 1825 2767 1893 quae
2803 1827 3007 1898 parva
3062 1804 3255 1893 sunt,
3308 1829 3685 1880 contemtus
3742 1807 3827 1878 st·-

937 1928 1180 1999 qtutur.

540 2009 834 2090 nessubu-
1134 2005 1301 2077 Sunt
1331 2002 1527 2096 igitur
1569 2015 1786 2095 magna
1849 2000 1914 2068 &
1931 1997 2230 2086 sublimia
2261 2021 2337 2068 ea
2376 1996 2598 2086 omnia
2621 2045 2644 2081 ‚
2689 2020 2869 2093 quq,
2924 1998 3100 2167 {uod
3147 2007 3305 2073 inter
3358 2003 3469 2076 illa
3497 2057 3522 2093 ‚
3575 2031 3696 2106 quae
3719 2007 3810 2079 bo-

544 2112 669 2151 nes.
690 2112 840 2172 quae-
935 2107 1120 2174 mines
1140 2102 1278 2174 aliis
1307 2100 1584 2194 praeferrae
1595 2096 1791 2186 solent
1816 2144 1839 2180 ‚
1897 2096 2196 2166 excellunt
2220 2144 2245 2176 ,
2296 2094 2695 2165 admiramur.
2782 2096 2883 2167 Ita
2979 2119 3133 2189 eges
3179 2101 3576 2193 magnisunt
3597 2156 3622 2191 ,
3668 2107 3814 2199 quia

542 2191 693 2258 ’ω’
936 2202 1224 2272 eminent
1268 2201 1432 2269 inter
1483 2197 1775 2266 homines
1820 2194 1884 2262 in
1918 2193 2230 2285 dignitate
2258 2190 2639 2264 constitutos
2670 2244 2695 2278 ,
2767 2217 2931 2285 quos
2952 2194 3087 2263 aliis
3118 2201 3620 2291 anteponimus:
3674 2205 3815 2276 Ma-

814 2315 821 2319 ·
933 2297 1103 2389 jores
1138 2297 1250 2391 qui
1296 2294 1618 2367 excellunt
1642 2294 1808 2363 inter
1834 2289 2041 2381 Reges
2071 2315 2089 2358 :
2153 2290 2493 2359 Maximus
2516 2289 2664 2360 Rex
2715 2289 2976 2383 Regum
3005 2295 3070 2362 ἃ,
3118 2293 3443 2367 Dominus
3480 2299 3810 2371 dominan-

935 2395 1149 2465 tium:
1200 2392 1552 2484 eademque
1580 2392 1830 2461 ratione
1870 2388 2159 2471 affliones,
2215 2388 2278 2456 &
2310 2410 2400 2455 res
2434 2409 2695 2479 magnae
2725 2385 3052 2462 dicuntur.

492 2582 501 2590 -
547 2541 649 2607 Re's
671 2563 884 2624 magne
1021 2601 1025 2616 .
1134 2548 1381 2639 Magna
1428 2529 1602 2615 vero‘
1628 2539 1774 2624 sunt
1806 2563 1939 2609 non
1982 2543 2240 2610 tantum
2275 2537 2431 2610 bona
2456 2585 2480 2621 ,
2537 2534 2642 2609 sed
2685 2537 2881 2608 etiam
2929 2537 3096 2611 malci
3134 2591 3157 2627 ,
3220 2550 3518 2636 quoniam
3557 2546 3632 2616 &.-
3657 2544 3797 2616 haec

542 2623 829 2765 fflffi
936 2648 1005 2719 in
1028 2643 1144 2717 suo
1173 2669 1403 2737 genere
1434 2639 1806 2712 excellentia
1834 2633 2328 2707 admirationem
2361 2635 2654 2727 pariunt:
2685 2631 2770 2705 fic
2795 2659 3029 2729 magna
3055 2640 3388 2712 crudelitas
3418 2643 3798 2728 dicitur‚ma-

545 2784 798 2849 &mah
935 2768 1142 2839 gnum
1182 2742 1492 2835 flagitium
1516 2791 1536 2824 ‚
1574 2761 1809 2830 magna
1824 2734 2027 2804 clades
2051 2785 2072 2819 ‚
2098 2749 2331 2826 magna
2368 2731 2644 2815 miseria,
2673 2757 2906 2825 magna
2922 2733 3200 2824 janum,
3229 2741 3294 2808 &
3347 2741 3410 2809 id
3441 2765 3636 2833 genus
3655 2741 3798 2824 alia:

620 2860 631 2868 ‘
799 2832 815 2849 ⁰
955 2868 1107 2935 qua:
1133 2840 1346 2923 bonis,
1364 2864 1515 2933 quae
1533 2841 1600 2909 in
1629 2834 1740 2906 suo
1769 2858 2002 2929 genere
2038 2834 2352 2918 eminent,
2382 2856 2514 2903 non
2539 2830 2738 2902 modo
2766 2857 2898 2902 non
2943 2833 3198 2906 minora
3222 2886 3244 2920 ,
3276 2833 3381 2907 sed
3411 2840 3652 2930 majora
3673 2840 3803 2911 vul·

930 2965 1016 3033 go
1071 2938 1439 3009 habentur:
1507 2960 1616 3006 eos
1675 2937 1850 3003 enim
1896 2934 1963 3001 in
2006 2928 2382 3000 hominibus
2438 2923 2706 3000 affectus
2749 2932 3041 3014 exitant,
3077 2970 3081 2974 ·
3118 2936 3228 3023 qui
3264 2933 3554 3022 objefflum
3583 2936 3802 3020 suum,

925 3056 1003 3109 ut
1042 3037 1401 3125 loquuntur
1426 3084 1444 3115 ‚
1501 3034 1739 3101 mirum
1766 3049 2086 3117 quantum
2112 3050 2344 3117 augere
2372 3029 2435 3095 8:
2466 3029 2532 3095 in
2566 3027 2774 3115 majus
2799 3027 3107 3098 extollere
3130 3028 3370 3101 solent:
3406 3054 3482 3103 ut
3507 3033 3650 3106 sunt
3677 3036 3802 3117 ira,

924 3133 1282 3227 indignatio
1308 3180 1330 3215 ‚
1379 3146 1591 3198 metus
1632 3175 1654 3210 ,
1693 3124 1944 3195 tristitia
1975 3172 1997 3206 ,
2053 3144 2302 3206 terror,
2366 3120 2721 3213 desperatio
2761 3150 2778 3191 :
2831 3128 2942 3217 qui
2991 3119 3259 3197 affectus
3311 3150 3504 3202 tanto
3563 3133 3699 3203 sunt
3743 3131 3806 3199 in

932 3228 1307 3306 hominibus
1359 3224 1870 3297 vehementiores
1908 3218 1983 3290 iis
2009 3269 2030 3303 ,
2114 3222 2225 3310 qui
2268 3221 2429 3289 circa
2479 3220 2730 3290 bonum
2762 3220 3137 3309 versantur3
3183 3249 3316 3316 quo
3366 3230 3581 3318 major
3607 3228 3688 3300 est
3709 3224 3805 3298 fu-

930 3357 1014 3426 ga
1059 3331 1260 3413 mali,
1310 3348 1509 3419 quam
1556 3322 1878 3415 appetitus
1946 3317 2126 3387 boni.
2226 3317 2401 3388 Hinc
2455 3315 2595 3405 est,
2671 3318 2849 3411 quod
2896 3319 3106 3412 Reges
3158 3322 3345 3394 valde
3388 3325 3641 3419 superbi
3685 3349 3810 3397 ma·

870 3430 887 3445 ³
929 3431 1053 3500 lint
1096 3428 1347 3511 metui,
1434 3445 1635 3514 quam
1687 3417 1916 3525 diligi,-
1968 3407 2123 3508 quia
2176 3440 2374 3506 parva
2431 3416 2631 3486 etiam
2679 3417 3285 3505 hominesamare,
3365 3421 3474 3493 sed
3523 3450 3655 3496 non
3700 3416 3805 3494 nisi

936 3548 1173 3619 magna
1204 3524 1492 3596 metuere
1539 3517 1743 3591 solent
1774 3545 1797 3598 ‚-
1851 3538 2168 3606 amorque
2200 3511 2367 3605 saepe
2400 3515 2763 3584 contemtui
2790 3515 3034 3584 vicinus
3064 3515 3153 3584 est
3176 3567 3199 3601 ,
3239 3518 3396 3588 nihil
3422 3546 3589 3593 vero
3616 3524 3804 3593 minus

940 3625 1421 3693 contemnimus
1453 3670 1475 3705 ‚
1545 3640 1740 3710 quam
1771 3615 1951 3704 quod
1999 3611 2186 3681 valde
2233 3613 2562 3681 timemus.
2632 3610 2893 3682 Malunt
2931 3632 3149 3682 autem
3191 3612 3286 3683 isti
3348 3619 3650 3703 homines
3690 3640 3807 3688 ma,

932 3722 1097 3804 gni,
1161 3744 1356 3810 quam
1419 3717 1582 3786 bani
1649 3712 1894 3791 videri3
1963 3706 2266 3800 prorsus,
2327 3728 2401 3777 ut
2442 3705 2601 3780 boni
2644 3709 2987 3801 appellatio
3067 3711 3284 3783 multis
3345 3714 3562 3787 nescio
3628 3736 3809 3810 quam

938 3818 1275 3909 parvitatis
1323 3811 1855 3910 fignificationem
1906 3804 2141 3878 habere
2189 3807 2502 3876 videatur.

547 3955 772 4015 emori
1126 3965 1257 4036 Hic
1281 3988 1444 4037 vero
1490 3986 1624 4034 non
1659 3956 1902 4048 semper
1954 3954 2190 4027 neceffe
2231 3954 2364 4040 est,
2419 3979 2494 4027 ut
2533 3983 2630 4028 res
2657 4009 2679 4043 ,
2741 3959 2822 4033 de
2861 3987 2993 4052 qua
3045 3964 3199 4036 dicit
3227 3963 3519 4049 Orator,
3557 3963 3644 4037 fit
3688 3988 3810 4036 ma-

936 4082 1062 4154 gna
1079 4063 1315 4150 judicio
1342 4057 1846 4150 Philofhphorurn,
1905 4053 2105 4143 quiin
2139 4053 2351 4145 pretio
2390 4053 2584 4126 rebus
2610 4056 2945 4131 statuendo
2987 4085 3137 4134 curn
3172 4057 3374 4150 vulgo
3423 4086 3559 4133 non
3587 4086 3812 4137 conve-

814 4150 830 4168 ’
936 4162 1171 4241 aiunt:
1210 4156 1449 4232 sufficit
1471 4208 1496 4243 ,
1541 4153 1591 4225 fi
1619 4151 1761 4225 talis
1791 4147 1879 4221 est
1903 4198 1926 4234 ‚
1978 4171 2093 4221 aut
2120 4161 2421 4223 communi
2440 4153 2746 4225 hominum
2781 4164 3039 4247 opinione
3061 4208 3083 4244 ,
3136 4178 3250 4231 aut
3291 4160 3457 4247 apud
3476 4186 3571 4231 eos
3589 4212 3612 4248 ‚
3659 4158 3811 4252 apud

934 4282 1084 4354 quos
1109 4260 1368 4332 dicimus
1388 4306 1411 4342 ‚
1467 4274 1605 4326 tum
1628 4272 1770 4322 cum
1816 4247 2073 4321 dicimus
2090 4293 2114 4326 ,
2182 4266 2367 4340 atque
2387 4249 2477 4321 ibi
2497 4300 2522 4335 ‚
2574 4251 2686 4322 ubi
2708 4253 2981 4331 dicimus.
3057 4257 3159 4328 Sic
3183 4257 3557 4344 Imperator
3583 4256 3698 4332 etfi
3721 4257 3810 4328 di..

929 4357 1120 4428 vitias
1151 4370 1565 4435 contemnat,
1610 4368 1765 4417 cum
1804 4345 2036 4416 milites
2082 4344 2189 4439 spe
2216 4350 2461 4437 praedae
2506 4349 2587 4418 ad
2627 4350 2926 4442 praelium
2981 4353 3127 4425 vult
3174 4352 3584 4427 inflammare
3609 4407 3634 4442 ‚
3702 4380 3812 4448 po·

774 4515 779 4521 .
876 4520 893 4534 ,
930 4451 1053 4526 test
1093 4454 1175 4526 de
1221 4476 1297 4523 ea
1351 4442 1693 4542 magnifice
1741 4442 1970 4535 loqui:
2023 4442 2107 4514 de
2145 4443 2377 4533 injuria
2422 4447 2620 4517 etiarn
2645 4496 2668 4530 ,
2724 4465 3031 4540 tanquam
3079 4450 3159 4522 de
3193 4476 3262 4523 re
3318 4464 3554 4545 magna
3610 4454 3809 4523 dicere

732 4576 753 4599 =·
818 4600 839 4615 -.
928 4551 1056 4624 icet
1113 4548 1430 4636 Crateri,
1504 4565 1706 4640 quam
1745 4538 1919 4616 forta
1931 4537 2016 4615 ffe
2059 4541 2353 4616 Socrates
2380 4559 2495 4616 aut
2524 4543 2856 4639 Diogenes
2885 4547 3065 4621 nihili
3092 4546 3358 4623 faceret.
3439 4551 3629 4639 Qin
3654 4554 3808 4632 imo,
