4188 5670
573 84 614 123 *
1795 101 1828 131 t

993 310 1119 367 nn
1217 290 1596 366 Annum
1690 286 2684 365 Immo-nmmum
3171 306 3313 387 εει

590 468 922 555 minores,
960 469 1163 563 hujus.
1194 489 1312 547 aut
1354 470 1523 545 illius
1569 464 1853 566 figurae3
1903 484 2121 562 partes
2178 466 2293 540 has
2340 467 2467 539 hoc
2515 472 2632 540 aut
2675 466 2808 542 alio
2878 471 3084 548 modo
3138 473 3311 569 polle

593 570 762 643 inter
793 568 856 643 se
901 566 1198 663 disponi3
1246 570 1559 664 quasdam
1643 567 1901 643 moveri
1942 563 2118 661 poffe
2161 616 2184 652 ,
2216 566 2533 659 quasdam
2585 564 2907 671 quiescere
2962 600 2988 653 ‚-
3062 573 3319 646 moveri

599 668 751 741 alias
788 695 904 764 per
953 669 1176 756 hanc„
1211 669 1363 741 alias
1402 694 1514 765 per
1555 668 1746 741 aliam
1800 668 2088 753 lineatus
2136 666 2401 739 moveri
2447 665 2738 738 velocms
2767 715 2792 752 ‚
2854 667 3101 741 tardius
3121 721 3146 757 ,
3195 673 3315 744 &c

398 767 482 847 A.
552 767 677 840 Sed
716 791 937 840 annon
980 767 1078 839 his
1134 767 1609 846 mutationibus
1657 767 1943 861 corporis
1967 816 1990 851 ‚
2049 766 2307 838 iterum.
2344 764 2711 859 iterumque
2766 766 3055 860 repetitis
3106 818 3133 856 ,
3179 788 3321 852 tan·

601 862 751 937 dem
804 862 976 941 effici
1020 864 1276 960 posset,
1337 885 1412 941 ut
1459 892 1692 961 corpus
1751 864 2018 958 aliquod
2089 861 2481 959 cogitaret?

394 963 470 1045 Β.
523 954 862 1057 ‘Lepidum
914 966 1043 1039 hoc
1096 963 1276 1038 estet·
1301 964 1739 1059 spectaculum
1762 1017 1785 1051 ‚
1847 962 1898 1036 fi
1938 987 2177 1057 corpus
2224 961 2375 1056 post
2443 961 2655 1035 varias
2713 963 3004 1056 partium
3060 966 3321 1041 confor-

511 1138 516 1142 ,
598 1064 920 1139 mationee
951 1115 977 1152 ‚
1008 1062 1354 1139 divisiones
1396 1069 1459 1139 &
1511 1060 1976 1141 subdivisiones
2001 1114 2026 1150 ,
2069 1059 2366 1139 tandem<
2394 1060 2729 1155 inciperet*
2752 1065 3063 1157 cogitare.
3173 1074 3317 1161 Ego

596 1162 764 1233 veto
812 1164 939 1235 hoc
1013 1186 1238 1257 capere
1309 1165 1498 1239 nullo
1547 1165 1753 1238 modo
1806 1159 2082 1257 poffum.
2155 1158 2408 1252 Qid?
2480 1160 2775 1234 Simulne
2839 1165 2904 1235 ἃ
2947 1161 3139 1236 semel
3179 1167 3323 1237 haec

561 1330 570 1337 .
611 1260 920 1355 cogitatio
964 1263 1242 1357 oriretur
1293 1314 1318 1352 ,
1379 1289 1465 1336 an
1499 1263 1644 1359 post
1693 1262 2031 1350 dimidiam
2096 1280 2349 1355 partem
2398 1255 2799 1337 divifionum
2842 1259 3320 1361 ‚requisiturum
3390 1310 3398 1319 ·

567 1382 831 1453 ,corpus
878 1359 1384 1457 semi-cogitaret
1428 1414 1452 1450 ‚
1517 1363 1662 1457 post
1714 1380 2017 1455 quartam
2068 1384 2299 1432 earum
2365 1379 2647 1450 partem,
2698 1356 2970 1433 haberet
3018 1382 3323 1454 quartam

597 1459 1015 1552 cogitationis
1066 1482 1320 1555 partem
1339 1466 1384 1535 ?
1446 1463 1534 1536 Et
1580 1459 1924 1555 quomodo
1982 1457 2257 1531 tandem
2303 1457 2702 1535 conformari
2738 1456 3018 1532 deberet
3058 1484 3319 1553 corpus,

592 1575 672 1629 ut
719 1557 988 1631 tandem
1041 1560 1358 1655 inciperet
1411 1559 1492 1635 de
1539 1559 1635 1643 sui
1666 1555 2398 1644 existentiadubitare?
2443 1556 2628 1637 Nam
2666 1556 2818 1635 sunt.
2866 1559 2980 1652 qui
3008 1607 3032 1645 ‚
3062 1583 3147 1630 an
3182 1584 3321 1632 cora·

599 1678 720 1749 pus
769 1653 1088 1743 habeant,
1147 1657 1475 1733 dubitant.

403 1750 489 1829 Α.
535 1750 712 1825 Cum
743 1753 938 1849 igitur
960 1808 983 1844 ,
1001 1746 1243 1851 ‘neque
1272 1761 1339 1829 in
1374 1764 1610 1832 natura
1669 1758 2083 1852 cogitationis
2145 1752 2351 1826 ullam
2400 1756 2692 1848 corporis
2752 1750 3191 1827 neceffitatem
3225 1780 3320 1828 re-

495 1874 505 1883 ·
595 1849 804 1946 perias
830 1905 855 1941 ,
903 1880 1119 1947 neque
1166 1881 1251 1937 ex
1279 1873 1513 1933 natura
1560 1860 1886 1951 σοι-ρούς,
1920 1857 2125 1927 ullam
2182 1853 2653 1946 cogitationem
2681 1852 3045 1945 exsculpere
3075 1851 3318 1948 p0ffis3

605 1972 761 2021 cum
783 1976 995 2044 neque
1017 1952 1236 2025 videas
1264 1978 1393 2046 qua
1446 1958 1699 2043 ratione
1729 1955 1973 2049 aliquid
2033 1953 2320 2049 cogitare
2382 1949 2659 2037 debeat,
2711 1972 2789 2025 ut
2833 1949 2917 2025 sit
2955 1949 3321 2039 extensum,

602 2069 817 2137 neque
840 2050 1188 2141 quomodo
1246 2049 1480 2129 debeat
1511 2078 1747 2146 corpus
1797 2053 2080 2139 variari,
2154 2069 2233 2122 ut
2258 2050 2548 2143 cogitet:
2583 2073 2737 2121 cum
2773 2076 2985 2143 neque
3035 2048 3321 2123 diversos

605 2144 1016 2236 cogitationis
1041 2149 1273 2223 modos
1295 2201 1320 2237 ‚
1352 2175 1436 2223 ex
1477 2148 1740 2224 diversis
1778 2151 1991 2223 modis
2034 2145 2427 2225 extensionis
2453 2197 2499 2233 ,ff
2526 2172 2738 2240 neque
2776 2173 2860 2221 ex
2901 2144 3169 2221 diversis
3207 2174 3315 2221 co-

597 2240 847 2335 gitandi
890 2247 1104 2318 modis
1143 2246 1439 2319 diversos
1497 2249 1736 2321 modos
1786 2244 2183 2321 extensionis
2229 2297 2254 2336 ‚
2316 2245 2447 2325 ulla
2493 2247 2732 2318 mentis
2796 2248 3158 2320 attentione
3212 2271 3324 2319 ex-

593 2338 875 2430 primere
911 2339 1157 2436 poffisz
1201 2368 1286 2416 an
1308 2369 1449 2418 non
1475 2347 1679 2423 credis
1705 2346 1970 2421 tandem
2012 2395 2038 2433 ,
2071 2344 2213 2421 rem
2228 2341 2577 2467 «extensam
2629 2348 2695 2429 ὃς
2730 2368 2876 2420 rem
2927 2348 3325 2439 cogitantem

594 2432 713 2508 effe
737 2461 837 2508 res
867 2436 1002 2515 five
1027 2438 1406 2519 substantias
1441 2443 1611 2519 inter
1634 2444 1696 2516 se
1727 2442 2006 2519 diversas
2032 2442 2068 2516 ἲ
2254 2456 2263 2461 ”

391 2538 465 2610 Β.
523 2534 635 2704 It}
683 2534 886 2709 ceretii.
923 2540 1116 2616 credo
1169 2568 1204 2612 :-
1235 2565 1452 2637 neque
1502 2540 1848 2621 extensum
1899 2539 1993 2616 est
2042 2546 2335 2639 cogitans
2375 2577 2403 2633 5
2481 2566 2696 2638 neque
2753 2540 3040 2634 cogitans
3101 2559 3321 2623 exten·
3400 2584 3405 2590 ·

620 2657 735 2704 um

400 2736 477 2904 ἓ.
525 2732 712 2904 firgo
721 2783 813 2904 {st
794 2735 979 2827 quod
1017 2737 1089 2816 in
1140 2755 1209 2813 te
1256 2740 1538 2831 cogitat,
1587 2737 1931 2819 extensum
1975 2761 2115 2811 non
2168 2739 2258 2813 est
2293 2738 2332 2811 ἓ
2465 2784 2486 2796 Δ

397 2887 475 3006 Α.
521 2857 698 3024 ἒῐέῗ)
747 2885 965 3024 partes
1006 2955 1142 3007 non
1187 2929 1392 3018 habet
1414 2984 1442 3022 ,
1516 2937 1589 3008 in
1638 2894 1798 3030 quas
1845 2933 2052 3018 dividi
2104 2928 2307 3044 poffit
2337 2928 2373 3014 ἕ
2408 2873 2423 2894 ³

399 3030 471 3101 Β.
525 3028 758 3101 Nullas
793 3032 1089 3104 omnino·

408 3127 486 3201 A.
543 3128 711 3222 Ergo
747 3128 1005 3217 dividi,
1051 3129 1326 3228 dispergi
1359 3158 1497 3212 non
1541 3127 1802 3227 potest?

403 3225 479 3296 B.
529 3226 732 3298 Nullo
780 3227 1006 3308 modo,
1282 3233 1286 3237 ’

399 3322 483 3404 A.
530 3325 707 3418 Ergo
761 3350 841 3400 ne
878 3327 1050 3399 mori
1082 3327 1371 3420 quidem.
1474 3329 1653 3400 Cum
1698 3326 1864 3399 vero
1912 3327 2070 3406 nihil
2098 3377 2149 3413 ,,
2188 3329 2228 3398 i.
2261 3352 2318 3399 e.
2367 3323 2719 3399 substantia
2767 3325 2944 3396 nulla
2977 3374 3002 3413 ,
3028 3320 3325 3397 fianditt'u
3432 3336 3438 3342 ’

603 3423 871 3516 intereat
890 3475 916 3513 ,
946 3448 1031 3498 ne
1062 3451 1302 3520 corpus
1334 3424 1600 3517 quidem
1629 3452 1647 3494 z
1674 3421 1956 3496 efficitur
1982 3472 2005 3508 ,
2048 3421 2509 3508 substantiam,
2557 3446 2710 3514 quae
2740 3422 2808 3493 in
2833 3439 2900 3495 te
2946 3424 3193 3516 cogitat
3214 3473 3237 3509 ,
3286 3429 3327 3497 a

610 3541 878 3613 corpore
900 3573 925 3609 ,
971 3542 1047 3597 ut
1067 3519 1424 3599 conceffisti
1461 3574 1485 3610 ‚
1534 3520 1855 3595 diversam
1869 3558 1900 3609 ¹,
1952 3520 2224 3614 ipsoque
2267 3544 2541 3613 corpore
2569 3573 2595 3608 ,
2646 3536 2723 3589 ut
2769 3517 3046 3614 quilibet
3078 3518 3268 3594 sentit
3295 3572 3322 3609 ‚

602 3616 1035 3710 nobiliorem,
1098 3647 1312 3721 neque
1369 3623 1582 3718 perire
1627 3618 1986 3693 secundum
2045 3617 2495 3704 substantiam,
2553 3641 2765 3710 neque
2824 3643 2904 3690 eo
2948 3616 3153 3690 modo
3192 3619 3328 3692 des-

603 3720 733 3790 trui
757 3770 782 3806 ,
823 3722 900 3792 <&
939 3720 1111 3795 mori
1145 3771 1169 3810 ,
1211 3748 1345 3816 quo
1392 3719 1740 3794 destruitur
1781 3721 1848 3792 ἃ,
1887 3719 2172 3795 moritur
2239 3742 2492 3811 corpus.
2592 3717 2960 3805 Qomodo
3014 3742 3211 3790 vocas
3251 3717 3326 3796 il-

598 3816 730 3890 lam
781 3842 922 3891 rem
943 3868 970 3907 ,
1036 3843 1188 3916 quae
1235 3824 1305 3896 in
1340 3839 1406 3902 te
1459 3818 1762 3922 cogitat?

395 3915 468 3986 Β.
531 3915 865 3992 Animam.
1360 3950 1364 3954 ’
1543 3943 1550 3952 ·

396 4015 477 4086 A.
543 4016 649 4084 An
692 4015 866 4088 aliud
909 4015 1067 4109 quid
1112 4016 1181 4094 in
1223 4018 1442 4089 anima
1490 4035 1607 4088 tua
1653 4011 1745 4086 est
1774 4063 1800 4101 ‚
1844 4038 2046 4109 quam
2092 4014 2410 4110 cogitatio
2444 4009 2482 4092 ἲ

399 4111 471 4184 Β.
528 4112 712 4183 Nihil
758 4112 1019 4208 prorsus
1061 4115 1239 4187 aliud
1281 4116 1349 4186 in
1397 4114 1508 4187 illa
1561 4112 2036 4206 deprehendere
2089 4111 2386 4203 poffnm,
2432 4136 2643 4206 neque
2688 4113 3038 4208 quicquam
3069 4160 3094 4198 ‚
3144 4109 3326 4204 quod

602 4211 778 4282 aliud
820 4215 889 4284 in
940 4212 1049 4284 illa
1097 4207 1502 4309 effe⁷arguat.
1541 4227 1548 4233 '
1583 4211 1809 4283 Immo
1857 4206 1907 4281 fi
1953 4210 2195 4294 animae
2248 4213 2712 4306 cogitationem
2760 4212 3117 4281 adimerem
3146 4256 3169 4291 ,
3232 4212 3328 4276 ni-

569 4308 696 4405 &hil
754 4310 914 4382 m'ihi
948 4312 1018 4383 in
1060 4333 1282 4385 mente
1325 4312 1648 4405 reliquum
1704 4303 1901 4395 effet,
1969 4302 2090 4380 nifi
2130 4332 2373 4380 nomen
2428 4310 2619 4386 inane
2681 4306 2840 4376 nihil
2889 4301 3271 4397 significans.

402 4409 486 4480 A.
544 4407 723 4521 Ergo
777 4410 1116 4503 concipere
1170 4417 1309 4482 no'n
1359 4429 1549 4505 potes
1575 4457 1599 4495 ‚
1651 4398 2099 4479 animamelse.
2144 4402 2287 4476 fine
2329 4406 2723 4501 cogitatione
2760 4401 2794 4472 ἓ

373 4507 472 4608 ,Β.
543 4508 853 4578 Animam
906 4533 1044 4674 nffpn
1096 4510 1302 4603 magis
1358 4510 1696 4602 concipere
1725 4500 1983 4602 poss‘um
2026 4501 2162 4582 fine
2216 4506 2611 4600 cogitatione
2655 4549 2681 4586 2
2732 4517 2930 4591 atque
2970 4516 3209 4577 00‘915
3258 4488 3337 4559 fi·

605 4627 690 4673 ne
735 4623 927 4675 exten
957 4631 1130 4677 ione.

608 4703 984 4800 Werenfitfiz·
1032 4703 1329 4799 opuscula
1375 4669 1729 4782 Tom.11'.
2375 4692 2435 4787 A
2476 4721 2518 4770 a
3050 4674 3127 4746 A·
3178 4676 3340 4751 Cot-
