4188 5670
1435 289 1586 347 nn
1700 253 2365 356 Loquar:
2528 255 2534 262 ’
3117 280 3262 368 337

345 486 537 544 mum
587 457 821 538 accidit
842 479 868 543 3
893 476 1050 532 cum
1071 451 1318 551 linguae
1367 446 1581 523 adhuc
1612 444 1765 522 sunt
1797 447 1991 522 rudet
2029 451 2098 522 &
2136 445 2589 542 imperfedtoe3
2650 449 2861 525 multa
2899 447 3075 523 enim
3113 472 3263 524 tum

343 561 666 641 voeabula
710 555 1071 632 identidem
1105 552 1260 627 sunt
1300 546 1596 626 addenda
1619 598 1647 636 ,
1676 548 1892 641 multa
1921 549 1992 620 in
2038 546 2269 620 melius
2318 550 2672 635 mutanda,
2699 551 2908 623 multa
2938 548 3264 622 reddenda

341 664 495 738 sunt
537 658 827 735 faciliora
854 708 882 746 ,
920 653 1131 728 multa
1177 647 1487 726 sermonis
1530 647 1921 742 compendia
1965 645 2356 720 invenienda
2379 676 2405 730 ,-
2451 670 2590 740 quo
2615 644 2696 720 fit
2711 699 2736 734 ,
2776 669 2855 723 ut
2879 649 3048 720 inter
3096 674 3208 720 eos
3236 697 3264 733 ‚

342 764 463 859 qui
508 760 592 835 de
634 758 746 834 his
787 753 985 829 rebus
1024 750 1377 826 convenire
1416 770 1555 821 non
1608 741 1871 842 poffunt
1920 792 1945 832 ‚
1983 742 2172 817 brevi
2218 765 2514 841 tempore
2559 770 2801 839 magna
2857 743 3087 818 existat
3148 747 3267 818 lin-

341 883 637 957 guarum
677 850 1037 944 diverfitas.
3193 879 3197 883 Δ

541 1005 811 1085 Accedit
850 1004 983 1076 huc
1008 1004 1169 1076 aeris
1195 1022 1459 1096 quoque
1488 999 1830 1092 temperie·
1861 1045 1886 1084 ‚
1910 1022 2062 1091 quae
2090 1003 2272 1072 vocis
2299 1024 2544 1095 organa
2567 1024 2705 1076 non
2731 1019 2964 1095 parum
2991 1015 3209 1073 mutat
3235 1046 3262 1086 ‚

344 1129 428 1186 ut
475 1108 657 1203 quod
681 1105 798 1177 uni
830 1101 1261 1197 pronuntiatu
1286 1095 1468 1170 facile
1492 1146 1516 1184 ,
1543 1097 1728 1169 alteri
1768 1091 2031 1169 difficile
2077 1097 2159 1170 fit
2193 1127 2215 1178 3
2264 1100 2450 1190 cujus
2503 1101 2596 1171 rei
2641 1099 3014 1195 exemplum
3068 1098 3266 1172 habe-

346 1233 500 1284 mus
522 1211 592 1279 in
613 1201 869 1300 populis
895 1192 1521 1292 Septentrionalibus
1544 1244 1569 1283 ,
1600 1197 1711 1288 qui
1729 1219 2044 1289 magnum
2074 1196 2571 1270 consonantium
2588 1196 3008 1282 concursum,
3031 1192 3065 1285 (
3086 1197 3268 1291 quod

350 1308 604 1382 oaeteris
627 1297 930 1398 gentibus
949 1322 1088 1369 non
1110 1291 1374 1368 difficile
1406 1295 1634 1379 mod0,
1663 1291 1771 1363 sed
1794 1291 1933 1364 fieri
1969 1294 2158 1386 plane
2183 1321 2318 1367 non
2350 1293 2522 1390 poffe
2554 1296 2813 1369 videtur
2827 1291 3099 1392 >facile
3113 1320 3268 1388 pro·

348 1406 680 1481 nuntiant.
757 1398 942 1487 Qin
971 1398 1168 1467 etiam
1209 1395 1469 1465 auditus
1518 1391 1760 1485 aliquid
1807 1392 1891 1463 ad
1936 1393 2104 1464 hanc
2146 1396 2527 1474 varietatem
2586 1393 2839 1467 confert
2888 1444 2913 1481 ,
2963 1414 3042 1465 ut
3089 1388 3273 1487 quod

350 1506 475 1579 uni
504 1519 769 1597 gratum
809 1496 1037 1569 auditu
1077 1495 1144 1565 &
1172 1491 1544 1586 jucundum
1573 1539 1601 1577 ,
1631 1490 1816 1563 alteri
1843 1489 2189 1564 molestum
2210 1490 2291 1564 fit
2319 1495 2384 1565 &
2415 1516 2603 1565 aures
2634 1488 2942 1566 offendat.
3043 1497 3140 1565 Ac
3162 1490 3277 1563 de-

350 1605 556 1696 nique
581 1622 742 1670 cum
773 1594 1081 1688 sanguine
1107 1616 1185 1663 ac
1204 1585 1533 1684 spiritibus
1552 1589 1809 1682 ingenia
1837 1613 2104 1684 quoque
2153 1593 2404 1663 variare
2451 1589 2658 1665 solent
2686 1642 2711 1679 ,
2773 1595 2837 1665 &
2874 1612 3075 1685 prout
3123 1586 3275 1663 sunt

354 1700 587 1872 35³3.
616 1681 2008 1867 ffffssssss‘ssffffiaffioesffiffl‘?
2026 1686 3091 1879 ’ffiffiiisfflifflgiiffiafiffi
3110 1738 3132 1775 '
3154 1707 3278 1860 3:33

3088 1836 3113 1875 2

352 1899 693 1991 luptatum
714 1941 739 1979 ,
773 1889 1078 1962 laborum
1118 1885 1323 1960 dediti
1359 1883 1511 1958 sunt
1539 1932 1564 1972 ,
1612 1884 1704 1957 ita
1747 1880 2025 1968 vocibus
2067 1885 2140 1956 in
2186 1909 2269 1957 eo
2315 1905 2554 1980 genere
2598 1884 2956 1966 abundant.
3083 1885 3285 1962 Acoe-

354 1997 455 2069 dit
499 1992 781 2065 imitatio
813 2010 1049 2062 eorum
1071 2034 1096 2073 ‚
1146 1984 1265 2079 qui
1297 1982 1518 2076 aliquo
1555 1982 1732 2077 apud
1765 2007 1890 2056 nos
1926 2006 2205 2066 numero
2248 1980 2398 2057 sunt
2422 2035 2445 2071 ‚
2490 2002 2607 2057 aut
2638 2010 2924 2079 quorum
2965 1983 3076 2058 vel
3121 1981 3283 2081 sapi-
3317 2047 3324 2056 ,

357 2096 603 2168 entiam
625 2089 729 2160 vel
744 2086 1190 2178 eloquentiam
1223 2080 1617 2177 probamus,
1647 2081 1731 2153 ad
1759 2105 2046 2175 quornm
2079 2082 2520 2156 elocutionem
2552 2086 2617 2155 ἃ
2643 2084 3281 2178 pronuntiationem,

358 2212 682 2284 tanquam
722 2181 989 2276 aliquod
1013 2180 1350 2275 exemplar
1374 2229 1399 2267 ,
1433 2203 1664 2254 omnes
1684 2179 2172 2280 propemodum
2193 2178 2256 2253 se
2295 2203 2712 2274 oomponunt
2749 2235 2771 2267 ,
2801 2182 3060 2277 prorsus
3094 2196 3173 2252 ut
3196 2186 3284 2260 A..

355 2287 654 2366 ristotelis
693 2280 1015 2375 discipulis
1043 2281 1241 2353 etiam
1280 2276 1609 2351 balbutire
1631 2303 1788 2352 cum
1815 2277 2121 2374 magistro
2150 2278 2268 2352 suo
2292 2281 2636 2373 pulchrum
2653 2282 2972 2357 videatur.
3033 2281 3287 2369 Quine-

355 2395 519 2468 tiam
547 2382 1083 2457 muliercularum
1110 2395 1318 2474 gratae
1343 2392 1543 2450 voces
1563 2425 1588 2463 ,
1640 2395 1841 2473 atque
1872 2375 2228 2451 infantium
2270 2378 2664 2452 inarticulati
2696 2379 2880 2466 soni,
2933 2376 3124 2451 nobis
3174 2384 3284 2453 in·

356 2486 622 2565 terdum
672 2482 918 2572 accepti
946 2529 970 2564 ,
1016 2479 1083 2549 δι
1137 2477 1435 2548 imitandi
1484 2476 1804 2549 videntur
1821 2525 1846 2563 ,
1894 2475 2215 2568 novisque
2254 2474 2594 2550 vocabulis
2641 2479 2863 2566 locum
2909 2473 3213 2572 praebent
3256 2506 3281 2552 e

361 2593 434 2661 ει
486 2581 767 2698 denique
802 2577 948 2646 casu
986 2597 1468 2666 nonnunquam
1508 2570 1663 2646 fufis
1716 2572 2000 2647 vocibus
2049 2572 2348 2647 delectati
2372 2626 2394 2663 ‚
2432 2600 2540 2647 eas
2575 2578 2948 2650 retinemus»

565 2724 867 2800 Addendi
904 2724 1054 2797 sunt
1090 2726 1257 2796 varii
1283 2725 1686 2818 populorum
1723 2728 1931 2813 ritus,
1976 2752 2195 2801 morea
2218 2779 2242 2814 ,
2274 2727 2445 2824 leges
2482 2780 2506 2817 ‚
2559 2727 3100 2821 consuetudines,
3140 2758 3300 2828 quae

365 2826 594 2898 omnia
618 2825 854 2920 linguis
875 2848 1186 2917 magnam
1227 2825 1615 2896 varietatem
1655 2819 1960 2899 afferunt.
2058 2828 2161 2902 Sic
2196 2828 2310 2921 qui
2345 2838 2786 2902 venerationem
2823 2855 3013 2904 manu
3048 2841 3142 2907 ori
3187 2833 3298 2908 aL

328 2934 335 3011 j
360 2942 529 2997 mota
567 2924 818 3017 peragit
846 2972 868 3007 ,
903 2923 964 2995 ei
989 2929 1273 2993 venerari
1302 2921 1395 2993 est
1418 2922 1719 3004 adorare3
1761 2925 1874 3017 qui
1897 2947 2127 3017 corpore
2139 2928 2428 3019 prostrato
2447 2979 2472 3015 ,
2502 2929 2562 2999 ei
2582 2927 2759 3000 idem
2796 2927 2886 3001 est
2908 2934 3224 3029 προσκυνεῖ
3263 2950 3290 2995 τ

361 3026 481 3114 qui
498 3021 724 3113 pecude
751 3016 958 3112 fig'nat
972 3046 1048 3092 aes
1084 3070 1106 3106 ‚
1128 3020 1253 3093 hoc
1271 3021 1364 3092 ita
1390 3016 1721 3114 lignatum
1742 3030 2061 3114 pecuniam
2092 3022 2363 3097 vocabit
2391 3053 2414 3106 3
2452 3026 2562 3120 qui
2572 3026 2775 3118 fiuto,
2795 3026 3145 3119 statatum,
3167 3033 3293 3103 &c-

363 3121 612 3212 Neque
632 3116 975 3193 mirabitur
1011 3119 1239 3210 aliquis
1260 3169 1284 3204 ,
1325 3118 1597 3191 nomina
1619 3122 1658 3189 a
1704 3121 1881 3195 nuda
1903 3121 2308 3196 institutione
2328 3126 2679 3218 pendentia
2729 3127 2798 3196 in
2874 3131 3089 3221 opulis
3131 3123 3310 3199 diffi-

365 3220 452 3292 tis
477 3218 667 3311 plane
693 3217 943 3288 variare
971 3234 991 3281 ε
1023 3239 1174 3286 cum
1199 3218 1262 3287 ἃ
1284 3216 1389 3286 illa
1425 3215 1674 3293 diversa
1707 3216 1836 3291 fint
1856 3265 1876 3294 ‚
1915 3246 2071 3315 quae
2103 3239 2277 3294 certa
2304 3226 2556 3296 ratione
2581 3220 2776 3295 rebus
2800 3153 2945 3297 iiiut
2970 3221 3302 3321 impolita,

366 3313 742 3411 quibusque
769 3338 910 3387 rem
942 3311 1164 3407 ipsam·
1207 3338 1321 3406 per
1354 3315 1684 3407 quandam
1740 3321 2208 3403 ὄιοματιπόιὶὲυ
2247 3318 2707 3411 repraesentare
2741 3321 3039 3394 homines
3082 3323 3315 3401 volue-

364 3428 578 3489 runt:
618 3415 712 3487 ita
737 3412 1192 3506 quodLatinis
1290 3432 1575 3504 mpanum
1599 3463 1623 3498 ,
1657 3411 2002 3485 Germanis
2052 3421 2410 3503 Trommen²
2449 3416 2653 3488 Gallis
2683 3414 2990 3491 Tambour
3015 3420 3126 3494 est.
3203 3429 3309 3499 In-

366 3532 583 3608 eptum
616 3521 925 3609 garritum
962 3511 1179 3585 Latini
1262 3511 1521 3582 laterare
1556 3526 1800 3583 vocant
1827 3558 1852 3596 ,
1895 3510 2216 3584 Germani
2253 3515 2579 3605 Klapperen
2620 3564 2645 3601 ,
2703 3514 2879 3588 Galli
2910 3523 3259 3620 Cacqueter-
3276 3552 3302 3600 ε

369 3614 437 3686 8ι
466 3636 625 3684 cum
659 3634 927 3694 omnes,
958 3609 1213 3703 quibas
1253 3632 1451 3681 voces
1470 3608 1870 3681 invenerunt
1893 3656 1923 3697 ,
1963 3610 2060 3680 his
2096 3633 2239 3681 rem
2290 3607 2492 3706 ipsam
2519 3611 2911 3688 adumbrare
2937 3620 3307 3703 voluerint,

368 3710 466 3783 est
496 3729 722 3782 tamen
750 3709 971 3801 aliqua
998 3730 1175 3783 nunc
1199 3706 1411 3800 major
1442 3731 1622 3779 nunc
1673 3709 1892 3779 minor
1918 3714 1987 3779 in
2024 3707 2132 3778 his
2155 3776 2158 3779 .
2179 3705 2542 3799 diverfitasf
2624 3712 2834 3798 Quod
2870 3715 3021 3789 inde
3060 3721 3313 3806 venie,

369 3808 564 3899 quod
605 3802 1040 3879 diversunode
1071 3804 1184 3878 ista
1227 3804 1526 3878 homines
1557 3803 1825 3879 fuerunt
1873 3805 2212 3900 imaginati
2240 3856 2264 3894 ,
2300 3807 2863 3901 quemadmodum
2890 3809 2941 3884 fi
2974 3797 3313 3911 campanae

372 3930 501 3980 aut
544 3906 840 4001 tympani
881 3901 1125 3977 sonum
1163 3903 1470 3975 audimus
1490 3952 1523 3991 ,
1569 3905 1731 3979 alius
1759 3903 1928 3978 hane
1987 3904 2152 3977 alius
2201 3905 2395 3979 aliam
2430 3931 2670 3982 vocem
2711 3908 2830 3981 illis
2882 3908 3159 4011 affingit.
3420 3894 3438 3905 ⁵

583 4059 809 4144 Quare
843 4049 1128 4126 dubium
1165 4078 1304 4125 non
1330 4052 1422 4127 est
1446 4102 1468 4137 ,
1534 4055 1694 4148 quin
1743 4050 2133 4151 fimulatque
2176 4057 2475 4131 homines
2510 4058 2575 4131 in
2616 4057 2895 4133 diversas
2934 4082 3133 4135 terras
3180 4058 3317 4134 abi-

379 4172 635 4230 verunt
660 4204 683 4240 ‚
711 4155 881 4226 illico
909 4153 1222 4247 quaedam
1248 4153 1626 4248 linguarum
1646 4153 1924 4225 varietas
1950 4156 2257 4228 extiterit.
2343 4157 2551 4247 Qod
2580 4152 2627 4228 fi
2652 4161 2795 4250 quis
2815 4178 2964 4233 ante
2988 4161 3319 4232 diluvium

380 4249 677 4328 accidiffe
724 4252 962 4325 dixerit
984 4302 1008 4340 ,
1056 4276 1195 4325 non
1225 4250 1595 4325 admodum
1635 4254 2159 4346 repugnaverim.
2289 4253 2431 4326 Vix
2480 4256 2656 4327 enim
2697 4260 2922 4350 potuit
2966 4275 3153 4329 tanta
3199 4260 3321 4328 ho·-

388 4355 661 4424 minum
709 4349 1064 4422 multitudo
1103 4400 1128 4437 ,
1190 4372 1347 4444 quae
1380 4376 1497 4445 per
1550 4373 1758 4423 annos
1824 4351 1906 4423 M
1936 4352 2002 4421 D
2039 4351 2101 4424 C
2129 4351 2189 4424 L
2210 4348 2294 4425 V.
2373 4352 2672 4425 tellurem
2695 4419 2704 4425 ,
2730 4348 3121 4425 inhabitavit
3165 4402 3189 4437 ,
3251 4375 3323 4420 m

384 4475 527 4526 una
578 4447 725 4522 sede
775 4450 1021 4524 morari
1070 4472 1095 4520 τ
1161 4449 1524 4542 praesertim
1588 4449 1660 4522 in
1712 4465 1894 4522 tanta
1954 4445 2470 4546 propenfionum
2540 4452 2854 4521 varietate
2892 4496 2917 4533 ,
3003 4465 3322 4559 quantam

3158 4558 3329 4612 mter
