4188 5670
1147 254 1206 362 E
1247 263 1301 362 'R
1347 260 1515 365 Δ’τῖ’ῑ)
1564 291 1691 364 I'T
1742 275 1792 365 o
1848 273 1972 360 κζ’
2031 258 2255 365 Cari
2331 276 2484 363 IX·
2804 291 2809 296 '
3100 304 3263 383 ”107

529 467 649 541 Vis
713 487 793 543 ut
832 461 1136 564 agnoscat
1179 457 1576 543 adversarius
1614 488 1770 542 tuus
1792 517 1817 556 ‚
1851 463 1914 541 se
1956 465 2182 542 ,verba
2237 494 2377 542 non
2440 464 2768 541 intellecta
2813 468 3207 565 oppugnaffiz
3242 522 3262 549 ‚

342 573 406 638 in
454 586 542 654 te,
576 587 881 667 quantum
927 566 1147 658 honeste
1189 568 1263 641 id
1291 569 1502 662 fitcere
1536 586 1698 663 potes
1731 619 1755 655 ,
1816 571 2080 663 tranffer
2125 593 2356 642 omnem
2423 567 2821 664 Logomachiae
2870 573 3108 662 culpam
3154 586 3277 642 aut

342 679 407 739 in
463 667 737 762 linguam
782 690 909 766 qua
947 666 1222 767 loquertis.
1320 667 1564 740 Aocusa
1599 668 1739 761 ejus
1789 666 2083 761 inopiam
2109 717 2134 754 ‚
2192 667 2373 762 quod
2423 664 2640 740 verbis
2705 666 2954 738 idoneis
2996 669 3089 738 -ad
3136 669 3273 740 ani-

340 764 432 837 mi
478 762 658 836 sensa
722 765 934 857 aptius
995 765 1421 862 exprimenda
1489 764 1881 838 destituatur
1940 795 1962 834 .-
2010 782 2161 859 pete
2238 764 2326 837 ab
2394 760 2783 850 adversario,
2846 785 2927 837 ut
2974 763 3269 859 suppleat

341 858 723 957 perspicatia
769 861 879 934 sua
923 882 1040 935 aut
1090 884 1289 936 tuum
1334 884 1451 936 aut
1489 865 1731 957 linguae
1769 860 2118 936 ¹defedIum
2163 861 2187 949 ξ
2233 863 2488 936 molliat
2557 859 2840 955 benigna
2888 864 3269 957 interprete·
3352 943 3355 948 ,

342 962 522 1033 tione
568 956 933 1032 verborum
988 962 1317 1034 duritiem.
1408 961 1653 1034 Aecusa
1703 983 1769 1034 te
1811 960 2023 1054 ipsum
2057 992 2077 1032 .-
2127 987 2268 1033 non
2310 962 2496 1033 illum
2551 960 2689 1033 dic.
2728 962 2800 1032 in
2845 961 3285 1057 intelligendo,

340 1060 557 1132 minus
609 1077 902 1146 acutum,
944 1057 1051 1131 sed
1099 1078 1166 1133 te
1217 1061 1288 1130 in
1341 1061 1716 1154 explicanda
1747 1059 2076 1134 ‚sententia
2131 1062 2350 1134 minus
2403 1059 2844 1152 eloquentem,
2891 1080 3007 1132 aut
3033 1060 3264 1133 saltem

338 1158 557 1228 minus
589 1154 839 1230 felicem
871 1184 889 1226 ε
918 1176 1095 1251 pete,
1146 1161 1222 1229 ut
1279 1176 1346 1229 te
1395 1156 1563 1232 ferat
1614 1160 1695 1230 de
1752 1180 1823 1229 re
1875 1158 2050 1231 haud
2143 1183 2351 1230 arum,
2381 1155 2668 1242 difficili,
2722 1177 2799 1230 ut
2840 1177 3028 1252 potes
3058 1210 3081 1246 ,
3125 1157 3264 1230 bal-

339 1249 712 1327 burientem
732 1307 754 1343 ‚
807 1275 1005 1349 atque
1054 1255 1182 1349 ipse
1239 1251 1474 1344 verba*
1509 1258 1764 1352 aptiora
1793 1309 1817 1343 ,
1870 1253 1921 1326 fi
1967 1282 2057 1350 po
2112 1279 2190 1344 rt,
2242 1255 2365 1330 tibi
2411 1254 2794 1350 suppeditet.
2910 1258 2964 1330 F
2964 1281 3039 1328 ac
3086 1257 3264 1329 deni-

337 1377 462 1448 que
485 1401 518 1441 ‚
575 1373 653 1425 ut
694 1378 847 1428 eum
890 1355 1136 1448 pudeat
1180 1354 1249 1425 in
1288 1372 1357 1426 te
1403 1354 1709 1451 iniquum
1740 1353 1901 1443 effe,
1950 1356 2064 1449 qui
2105 1374 2361 1428 tantam
2401 1355 2471 1426 in
2513 1374 2581 1426 te
2642 1355 2822 1427 videt
2855 1356 3258 1450 aequitatem.

532 1553 600 1626 Si
636 1549 843 1625 verba
880 1550 1316 1626 adversarium
1337 1550 1738 1629 offendentia
1765 1568 2022 1626 mutare
2057 1553 2259 1646 cupis;
2282 1551 2489 1624 nolim
2507 1602 2532 1640 ,
2557 1552 2751 1624 dima-
2771 1539 3258 1652 quandoquidem

338 1652 602 1725 verbum
641 1651 747 1724 hoc
792 1652 965 1747 ferre
1005 1676 1123 1724 non
1164 1672 1366 1745 potes,
1419 1650 1714 1745 abstinebo
1739 1681 1760 1721 .-
1821 1653 1950 1725 hoc
1993 1653 2192 1724 unico
2245 1650 2422 1722 dieto
2453 1652 2977 1744 Logomachiam‘
3014 1649 3261 1723 insana-

338 1747 544 1822 bilem
605 1749 871 1822 reddere
913 1747 1118 1842 poss'es
1162 1778 1182 1822 ι
1254 1777 1452 1825 nemo
1513 1749 1681 1841 vultl
1708 1750 1914 1821 videri
1994 1750 2077 1822 de
2122 1748 2341 1821 verbis
2385 1746 2813 1821 concertasse:
2860 1750 3263 1842 Logomachi

336 1844 575 1920 ssmiles
621 1846 774 1919 sunt
843 1849 1135 1942 podagra
1187 1845 1675 1936 laborantibus,
1717 1850 1831 1946 qui
1879 1846 2047 1920 ferre
2094 1871 2234 1921 non
2282 1845 2542 1942 possunt
2563 1894 2586 1927 ,
2623 1867 2702 1918 ut
2756 1846 3025 1921 morbus
3046 1898 3072 1935 ‚
3120 1872 3256 1940 quo

333 1943 648 2016 laborant
669 1996 691 2030 ‚
736 1942 850 2018 suo
909 1946 1179 2018 nomine
1229 1948 1601 2041 appelletur.
1681 1947 1893 2021 Satius
1934 1947 2138 2040 igitur
2179 1946 2302 2018 erit
2341 1945 2571 2031 fateri,
2621 1962 2688 2018 te
2725 1945 2795 2016 in
2850 1943 3065 2019 verbis
3101 1945 3256 2017 deli-

339 2042 576 2136 gendis
617 2044 842 2113 minus
885 2061 1152 2116 cautum
1188 2041 1363 2117 fiu‘ffe
1385 2097 1408 2133 ,
1458 2048 1602 2140 jure
1642 2043 1709 2116 id
1752 2043 2132 2137 reprehendi
2164 2074 2205 2126 5·
2235 2046 2341 2118 dic
2378 2097 2404 2135 ‚
2453 2044 2720 2117 monitis
2776 2063 2844 2118 te
2882 2045 3113 2117 locum.
3144 2043 3254 2117 da-

337 2159 577 2212 turum
598 2189 626 2227 ,
684 2140 947 2235 aliisque
996 2141 1212 2215 verbis
1258 2145 1326 2216 in
1366 2146 1703 2239 posterum
1749 2142 2044 2216 usurum.
2144 2197 2169 2232 Δ
2912 2181 2917 2190 -

527 2356 599 2430 Si
648 2357 763 2451 qui
822 2351 969 2430 sunt
991 2407 1017 2445 ,
1068 2379 1147 2433 ut
1168 2357 1359 2436 multi
1388 2412 1414 2452 ‚
1444 2361 1558 2458 qui
1610 2359 1680 2433 in
1734 2355 1955 2434 verbis
2005 2379 2325 2457 perpetuo
2370 2357 2691 2432 haerentes
2730 2355 3121 2444 existimant,
3150 2361 3255 2445 te,'

339 2456 860 2551 quotiescunque
879 2455 1113 2530 ‘verba
1167 2462 1422 2547 mutae,
1471 2458 1854 2533 sententiam
1891 2481 2148 2534 mutare
2215 2488 2235 2530 t
2273 2459 2370 2534 fer
2429 2460 2621 2540 hunc⁴
2639 2480 2872 2530 eorum
2917 2479 3248 2542 errorem,

344 2557 453 2647 qui
491 2551 620 2627 tibi
665 2578 788 2626 nec
837 2550 1228 2631 detrimento
1279 2585 1490 2653 neque
1534 2557 1834 2632 dedecori
1864 2554 2007 2631 'effe
2054 2554 2287 2654 potest.
2392 2555 2527 2628 Hic
2577 2576 2805 2629 tamen
2846 2550 3091 2645 semper
3143 2553 3252 2626 de-

346 2675 576 2724 corum
632 2649 754 2724 tibi
819 2649 1305 2728 observandum
1347 2657 1460 2743 est,
1520 2654 2008 2748 videndumque
2069 2706 2093 2742 ,
2153 2677 2233 2728 ut
2276 2654 2567 2746 Lepidum
2620 2654 2805 2723 illum
2856 2652 3146 2722 imitatus
3188 2673 3254 2723 a-

345 2749 484 2843 pud
522 2749 826 2824 Taeitum
842 2801 868 2838 ‚
887 2751 890 2754 ’
910 2770 1115 2824 teneas
1151 2750 1406 2826 modum
1452 2761 1612 2824 inter
1636 2752 1960 2844 abruptam
2008 2758 2448 2824 contumaciam
2476 2747 2568 2835 ἓξ
2605 2749 2864 2845 deforme
2886 2748 3251 2849 obsequium.-

345 2848 416 2918 in
451 2851 671 2942 primis
713 2874 874 2922 vero
918 2876 1149 2923 caveas
1168 2903 1193 2939 ‚
1251 2864 1337 2926 'ne
1385 2850 1765 2937 adversarii,
1830 2874 2116 2944 quorum
2155 2853 2424 2944 petitor-a
2477 2849 2663 2920 dietis
2688 2849 2990 2922 mulcere
3028 2850 3246 2943 cupis,

344 2946 712 3020 existiment
739 2947 825 3020 “se
880 2951 918 3019 a
969 2969 1036 3021 te
1088 2951 1364 3039 deludi,
1410 2949 1592 3045 quod
1634 2949 2022 3044 plerumque
2085 2950 2383 3037 homines
2454 2950 2636 3020 omni
2691 2947 2928 3040 injuria
2965 2950 3245 3040 lgtavius
3372 2954 3378 2961 ’

345 3042 603 3126 ducunt
617 3072 638 3113 z
685 3046 752 3116 id
794 3047 970 3137 quod
1010 3047 1247 3123 vitabis
1262 3099 1287 3136 ‚
1329 3046 1378 3122 fr
1429 3052 1495 3123 ἃ
1529 3045 1756 3121 revera
1801 3050 1976 3141 pacis·
2028 3050 2093 3120 ἃ
2140 3049 2429 3122 veritatis
2480 3045 2753 3141 cupidus
2787 3042 2951 3139 erist,
3005 3047 3069 3115 &
3103 3052 3246 3116 om-

347 3140 464 3245 nia
505 3141 680 3213 dieta
728 3161 843 3214 tua
875 3145 1046 3218 hunc
1079 3144 1367 3222 veritatis
1403 3150 1705 3243 pacisque
1755 3170 1896 3240 prae
1936 3145 2002 3218 se
2043 3145 2258 3222 ferent
2302 3167 2621 3220 amorem.

532 3320 627 3394 At
653 3322 820 3417 qaid
840 3322 1001 3396 mh&
1023 3325 1386 3420 faciendum
1440 3327 1544 3418 ςβ,
1590 3347 1734 3397 eum
1777 3321 2314 3396 animadvertimus
2329 3371 2354 3407 ,
2401 3321 2551 3390 alios
2599 3334 2717 3388 aut
2745 3315 2917 3386 diffis
2958 3328 3075 3385 aut
3095 3312 3253 3404 scri-

331 3416 458 3508 γτὰ
487 3425 774 3491 acerrime
821 3440 1154 3518 pugnantes
1173 3474 1199 3511 ‚
1244 3448 1391 3522 quos
1423 3440 1629 3494 tamen
1679 3471 1703 3505 ,
1720 3440 1729 3450 ·
1736 3420 1801 3510 fi
1832 3427 2117 3492 attentius
2155 3440 2361 3489 eorum
2405 3411 2863 3501 controverfiam
2914 3409 3247 3499 confidem-

334 3542 472 3588 muc
497 3565 523 3602 ‚
569 3541 782 3589 revera
820 3526 979 3593 inter
999 3521 1072 3611 fi'
1105 3521 1427 3611 consentire
1455 3519 1726 3592 videmus
1747 3518 1784 3590 ‚⁹
1830 3511 2259 3592 Tutissimum
2295 3508 2549 3586 fortafl'e
2585 3512 2708 3591 erit
2747 3533 2902 3581 cum
2925 3510 3247 3607 Palaemo-

336 3639 421 3686 ne
465 3613 833 3709 Virgiliano
875 3620 1110 3691 alienas
1161 3619 1302 3692 lites
1347 3616 1800 3712 subterfugere
1853 3644 1872 3687 ε
1926 3617 2086 3688 alios
2134 3614 2313 3686 enim
2367 3610 2705 3683 conciliare
2750 3608 2915 3679 velle
2962 3608 3247 3701 plerum·

337 3736 468 3806 que
520 3713 919 3790 consiliaturi
967 3719 1253 3789 noxium
1301 3716 1440 3798 est3
1483 3717 1656 3790 eadit
1699 3716 1872 3810 apud
1933 3714 2281 3807 Virgilium
2331 3711 2401 3782 in
2438 3705 2615 3782 bello
2665 3708 2834 3780 inter
2884 3705 3066 3780 alios.

889 3904 998 3965 ‘t‘
1033 3912 1057 3930 ·
1070 3916 1153 3931 --
1197 3858 1204 3867 ⁶
1214 3869 1544 3969 leuiorque·
1588 3868 1856 3959 Galesi&

831 3973 1012 4065 Dunq
1053 3974 1193 4060 paci
1234 3966 1500 4070 medinm
1535 3968 1607 4059 fi·
1641 3966 1817 4057 offert
1834 4020 1859 4056 ,
1890 3967 2254 4063 justffmus
2280 3989 2449 4038 unus.

341 4108 570 4197 Qare
621 4122 702 4179 ut
773 4109 1142 4202 plurimum
1182 4161 1207 4200 ‚
1264 4111 1378 4202 qui
1429 4107 1664 4179 eruditi
1704 4128 2028 4183 vooentur
2086 4160 2110 4196 ,
2174 4130 2515 4202 tantopere
2584 4109 2755 4183 inter
2810 4105 2873 4181 se
2929 4107 3188 4203 litigant
3215 4102 3254 4178 ἓ

347 4201 397 4272 fi
443 4208 659 4278 dicere
720 4218 1030 4280 volumus
1073 4259 1096 4296 ‚
1142 4208 1323 4303 quod
1384 4231 1486 4278 ree
1537 4205 1628 4276 est
1677 4256 1700 4291 ‚
1752 4207 1900 4279 ideo
1955 4205 2371 4302 potiffimum
2415 4258 2438 4294 ‚
2491 4204 2646 4300 quia
2707 4205 3136 4301 intolerabile*
3168 4205 3259 4278 al-

347 4305 472 4372 teri
515 4305 781 4376 videtur
806 4356 830 4392 ,
888 4306 1168 4378 alterum
1238 4302 1363 4377 fibi
1415 4304 1624 4376 videri
1665 4303 1758 4375 ·se
1802 4303 2273 4397 sapientiorem.
2412 4305 2631 4395 -Qod
2682 4299 2732 4374 fi
2769 4303 2967 4396 igitur
3023 4304 3259 4385 tertius

344 4397 768 4494 superveniat
827 4449 853 4486 ‚
911 4406 1028 4499 qui
1092 4427 1306 4498 partes
1330 4454 1353 4491 ,
1401 4423 1715 4494 tanquam
1764 4403 1845 4473 de
1897 4403 2045 4475 lana
2120 4406 2378 4495 caprina
2431 4402 2831 4474 decertantes
2877 4451 2903 4487 ,
2944 4398 3262 4469 eoncilia-

335 4521 414 4569 re
465 4519 750 4572 conatur
774 4551 798 4587 ,
848 4499 891 4572 i.
941 4527 1004 4573 e.
1089 4523 1172 4573 ut
1220 4502 1310 4575 illi
1373 4503 1638 4596 quidem
1702 4499 1867 4571 istud
1940 4504 2447 4594 interpretantur
2483 4549 2510 4586 ‚
2564 4499 2678 4589 qui
2747 4487 2869 4566 fibi
2920 4493 3265 4581 sapientior

331 4596 610 4683 ,videm
656 4602 942 4698 utroque
986 4626 1010 4700 ².
1059 4600 1188 4679 hoc
1246 4625 1407 4682 veto
1475 4597 1902 4770 disputatgres
1957 4598 2159 4677 nostri
2224 4598 2419 4690 longe
2475 4595 2694 4672 miuus
2741 4588 3084 4667 ferendum
3114 4581 3270 4750 ‘giga

1876 4716 1926 4783 ἢ
3238 4727 3267 4766 ²

3300 3245 3459 3327 Qid
3486 3244 3580 3323 fa.

3292 3329 3545 3388 ciendum

3296 3427 3417 3469 cum
3435 3414 3614 3470 anim·

3292 3493 3546 3550 adverti-

3293 3590 3419 3631 mus
3442 3575 3638 3633 acerri-

3292 3673 3378 3713 me
3394 3671 3537 3737 pug-

3292 3755 3484 3796 nantes
3500 3779 3519 3809 ‚
3541 3754 3619 3792 re-

3293 3838 3435 3877 vera
3454 3824 3597 3876 inter
3694 3824 3705 3833 “

3280 3900 3347 3979 se
3368 3898 3580 3975 consen.

3029 4029 3038 4037 .
3164 4033 3177 4037 -
3299 3987 3426 4041 sire.
3512 4006 3519 4010 ·
