4188 5670
1214 349 2368 438 ιν-1γϊ1.111ρ,11111.11ὶ.·Ἴ
3009 375 3246 451 ,373

350 538 785 647 quidihuitt
837 559 977 632 qno
1002 532 1221 632 ipfinn
1249 534 1633 610 Turenum
1655 529 2134 625 Imperatorem
2169 526 2448 606 mirifice
2482 529 3010 631 dekaarhqnin
3040 531 3107 611 St
3140 540 3245 610 Li-

324 646 645 719 ‘mum
704 638 1036 732 quendam
1096 633 1396 711 Nobilem
1426 645 1585 733 cum
1628 626 1887 703 famaus
1932 625 2256 725 aptiffime
2323 630 2508 727 loqui
2555 631 2815 707 solitum
2839 684 2866 727 ,
2910 655 3109 731 atque
3147 635 3245 709 in-

333 744 675 817 tellectum
702 786 728 825 ‚
773 737 1244 835 Κωζαι-Μαρια
1301 735 1373 806 in
1416 726 1705 823 Phyficis
1729 731 1959 802 aud'tor
1999 726 2112 804 est.
2165 737 2180 746 “
2797 757 2800 760 “

541 842 817 929 Qanto
864 832 1210 929 perfectior
1234 832 1434 928 igitur
1461 830 1606 903 haec
1625 847 1939 902 mutorum
1961 828 2171 926 lingua
2200 824 2376 900 foret
2397 876 2426 917 ,
2450 824 2500 901 fi
2539 829 2622 905 ad
2650 854 2794 904 eam
2822 832 2886 904 ἃ
2913 833 3247 908 invenien-

335 938 501 1015 dam
524 940 588 1012 δι
615 933 1039 1024 excolendam
1065 955 1294 1007 omnes
1332 929 1633 1004 homines
1668 922 2036 1001 neceffitate
2079 927 2490 1021 adigerentur
2527 955 2547 999 1
2601 925 2654 1003 fi
2691 951 2807 1004 aut
2853 932 3101 1027 integer
3137 933 3249 1005 ali-

337 1039 495 1134 quis
540 1035 820 1132 populus
860 1031 1090 1105 surdus
1130 1029 1304 1104 foret
1331 1079 1356 1118 ‚
1385 1045 1503 1103 aut
1532 1050 1761 1101 omnes
1801 1026 2101 1122 homines
2144 1026 2295 1098 inde
2346 1026 2549 1121 usque
2589 1028 2632 1101 a·
2683 1029 2936 1103 mundo
2982 1030 3262 1105 condito-

336 1133 617 1211 auribus
647 1133 818 1227 capti
847 1128 1102 1204 fuiffent
1131 1126 1381 1203 3Nunc
1402 1127 1571 1200 vero
1593 1175 1618 1212 ‚
1646 1149 1801 1198 cum
1821 1120 2186 1220 pauciffimi
2207 1127 2400 1212 muti,
2427 1127 2472 1198 i.
2505 1151 2559 1198 e·
2584 1149 2820 1202 natura
2843 1126 3014 1202 surdi
3038 1180 3062 1217 ‚
3093 1126 3249 1218 fint,

342 1237 421 1309 &
440 1257 673 1306 eorum
698 1228 966 1327 quisque
989 1254 1128 1302 non
1149 1223 1236 1302 ab
1269 1227 1403 1300 aliis
1424 1227 1715 1321 linguam
1736 1222 1918 1297 suam
1940 1220 2138 1297 discat
2160 1272 2187 1310 ,
2237 1219 2343 1296 sed
2365 1226 2535 1297 hanc
2550 1276 2574 1313 ‚
2621 1248 2947 1320 quantum
2996 1226 3126 1323 ipse
3149 1230 3256 1332 vin·
3291 1281 3298 1284 ῃ

340 1332 546 1428 genio
579 1330 756 1405 valet
780 1381 804 1417 ‚
854 1329 938 1402 ad
979 1325 1130 1400 usus
1174 1322 1544 1400 neceffarios
1575 1323 1868 1396 inveniat
1884 1352 1911 1406 ,-
1957 1323 2230 1421 linguam
2267 1322 2435 1395 hanc
2455 1342 2770 1398 mutorum
2818 1327 2984 1400 adeo
3021 1326 3258 1399 rudem

344 1433 423 1505 a&
467 1426 913 1525 imperfectam
950 1424 1070 1499 effe
1089 1476 1115 1515 ‚
1147 1427 1420 1500 minime
1444 1422 1537 1497 est
1558 1421 1953 1495 mirandum.
2076 1420 2330 1494 Omnia
2367 1424 2544 1502 enirn
2585 1445 2805 1497 rerum
2853 1426 3038 1498 initia
3059 1444 3262 1519 atque

343 1553 573 1605 recens
598 1529 861 1602 inventa
891 1526 1077 1599 rudia
1115 1522 1250 1599 fere
1274 1526 1338 1597 &
1354 1523 1596 1597 inculca
1637 1519 1831 1594 sunt:
1875 1544 2034 1614 quae
2053 1569 2078 1609 ‚
2137 1520 2254 1614 qui
2278 1515 2366 1592 ab
2417 1521 2556 1594 aliis
2604 1543 2993 1620 acceperunt
3008 1572 3036 1611 ‚
3075 1520 3264 1598 facile

347 1651 436 1702 ea
458 1678 485 1718 ,
508 1626 790 1701 inventis
811 1624 1109 1698 addendo
1133 1639 1252 1697 aut
1270 1617 1668 1696 detrahendo
1692 1671 1717 1709 ‚
1756 1616 2106 1716 perficiunt
2141 1636 2342 1711 atque
2375 1620 2739 1715 expoliunt.

559 1727 692 1799 Cui
718 1723 981 1818 quidem
1011 1722 1190 1796 malo
1212 1747 1349 1795 non
1374 1720 1498 1795 alia
1530 1722 1783 1795 ratione
1806 1718 2060 1807 ocmrri
2089 1714 2297 1813 poffet
2312 1768 2336 1804 ,
2368 1743 2571 1812 quam
2610 1716 2660 1793 fi
2689 1722 2846 1795 certi
2871 1721 2939 1794 in
2960 1714 3257 1815 qualibet

352 1825 464 1900 vel
498 1824 761 1897 civitate
786 1823 890 1895 vel
915 1822 1178 1917 regione
1200 1822 1495 1894 homines
1528 1817 1725 1892 effent
1747 1870 1771 1906 ‚
1788 1818 1906 1918 qui
1932 1817 2191 1913 ingenia
2211 1814 2324 1892 sua
2347 1816 2431 1909 ad
2469 1814 2651 1913 figna
2674 1820 2826 1893 talia
2848 1821 2913 1892 &
2928 1820 3263 1893 invenien-

348 1924 440 1998 da
478 1924 544 1996 &
563 1922 979 2018 perpolienda
999 1918 1370 1994 conferrent
1384 1970 1409 2007 ,
1451 1920 1850 2012 inventaque
1879 1916 2077 1988 literis
2112 1911 2571 2012 confignarent
2583 1966 2609 2004 ‚
2641 1942 2778 2010 quo
2804 1920 2868 1993 ἃ
2883 1919 3112 2005 exteri,
3138 1919 3254 2014 qui

352 2021 632 2097 eandem
659 2046 802 2095 rem
834 2020 1012 2113 apud
1041 2017 1105 2120 se
1131 2043 1400 2113 queque
1423 2035 1818 2092 conarentur
1838 2069 1863 2107 ‚
1893 2020 1963 2092 δι’
1980 2011 2223 2108 posteri
2256 2035 2489 2087 eorum
2511 2062 2528 2092 ‚
2558 2040 2711 2088 cum
2734 2014 2861 2088 suis
2882 2018 3125 2112 quique
3149 2018 3248 2090 in-

354 2120 572 2197 ventis
596 2118 890 2192 conferre
912 2168 938 2205 ,
991 2141 1196 2211 eaque
1225 2120 1297 2190 in
1350 2116 1582 2189 melius
1613 2136 1868 2217 mutare
1902 2166 1928 2206 ,
1962 2111 2249 2188 faciliora
2275 2124 2474 2207 a'tque
2494 2115 2898 2209 expeditiora
2926 2116 3193 2189 reddere
3218 2166 3244 2204 ,

353 2219 540 2293 varia
596 2213 645 2290 fi
738 2240 933 2289 orum
974 2215 1358 2311 compendia
1382 2215 1751 2309 excogitare
1772 2267 1798 2304 ‚
1845 2231 2169 2311 quantum
2210 2208 2490 2305 denique
2515 2210 2784 2307 quisque
2811 2232 3262 2289 commentan-

354 2318 449 2391 do
468 2242 739 2411 Ροτείξῗ
779 2314 1068 2410 linguam
1102 2316 1270 2387 hanc
1305 2338 1542 2408 augere
1574 2332 1775 2407 atque
1817 2312 2127 2411 perficere
2147 2305 2417 2404 pofl‘ent.
2492 2312 2700 2401 Qod
2724 2310 2874 2388 Iane
2896 2363 2922 2400 ,
2947 2309 2997 2385 fi
3022 2313 3135 2407 qui
3155 2310 3264 2385 fa-

358 2434 614 2503 cerent,
645 2418 711 2487 &
733 2412 950 2508 postea
975 2411 1063 2485 ab
1090 2414 1580 2486 ineunteaemte
1614 2410 1840 2486 surdos
1861 2416 1928 2486 in
1952 2415 2077 2485 hac
2107 2426 2255 2483 arte
2279 2407 2687 2484 instituerent
2706 2438 2733 2494 3
2756 2436 2893 2485 non
2923 2412 3140 2485 minus
3161 2409 3275 2485 be·

308 2540 317 2550 ·
357 2538 445 2587 ne
480 2514 563 2587 de
607 2538 839 2608 genere
870 2514 1189 2600 humano,
1221 2536 1300 2585 ac
1329 2511 1593 2600 medici,
1620 2512 1736 2605 qui
1761 2512 2053 2606 corporis
2076 2503 2357 2582 morbos
2374 2526 2608 2582 curant
2630 2560 2658 2599 ‚
2685 2529 3109 2586 mererentur.
3183 2509 3279 2583 Hi

363 2609 1580 2798 sermm
1584 2612 1716 2779 5:2³
1746 2633 2063 2781 Ἢ
2073 2605 3281 2798 “ῖῑ,,“ῑ,1“ἒ;ε,;ῐ1““1ῖῑεξὲἒὲ11ῑ
3389 2733 3400 2746 .

640 2751 662 2785 θ
1578 2787 1583 2794 ,
2094 2753 2122 2791 2

366 2804 494 2877 tari
539 2802 847 2898 sapientia
874 2800 1171 2875 imbuere
1206 2799 1473 2896 pofl'ent.
1553 2756 1764 2895 Qo’d
1800 2800 1851 2876 fi
1885 2805 2028 2896 quis
2061 2816 2333 2899 propter
2383 2758 2728 2879 mutorun'r
2774 2802 3279 2900 infrequentiam

361 2924 589 2997 operae
617 2902 902 2994 pretium
939 2925 1080 2973 non
1118 2897 1242 2973 efle
1270 2900 1474 2973 credit
1486 2950 1513 2987 ,
1536 2903 1591 2974 is
1620 2901 1821 2975 velim
1859 2903 2103 2998 cogitet
2121 2950 2146 2987 ,
2178 2915 2511 2993 quantum
2550 2902 2680 2975 hoc
2716 2900 2798 2977 fit
2813 2954 2838 2991 2
2876 2904 2980 2977 vel
3007 2905 3278 2989 unicum
3361 2978 3366 2983 ,

360 3001 703 3072 hominem
742 2999 824 3071 ad
872 2996 1199 3071 Christum
1243 2998 1589 3086 adducere,
1610 3002 1679 3074 &
1699 3050 1724 3087 ‚
1756 3020 2080 3094 quantum
2109 3000 2178 3071 in
2204 2994 2344 3091 ipso
2367 2997 2461 3070 est
2484 3048 2510 3086 ‚
2554 2995 2772 3074 salutis
2792 3021 3064 3077 aeternae
3088 3028 3277 3077 com-
3377 3049 3388 3059 -

358 3117 594 3194 potem
621 3094 853 3170 facere.
936 3096 1015 3169 Id
1041 3096 1217 3192 quod
1253 3120 1394 3168 non
1423 3119 1504 3169 eo
1538 3098 1687 3171 dico
1710 3148 1734 3185 ‚
1771 3098 1954 3191 quod
1976 3095 2114 3171 fine
2154 3099 2284 3169 hoc
2305 3097 2531 3170 medio
2558 3101 2644 3172 de
2679 3098 2881 3175 salute
2932 3122 3278 3177 mutorum

450 3193 840 3289 sperandum
870 3192 990 3266 effe
1028 3193 1389 3267 existimem
1419 3243 1446 3282 ,
1496 3192 1603 3268 sed
1650 3196 1833 3291 quod
1867 3198 2097 3272 mediis
2137 3193 2518 3283 ordinariis,
2580 3200 2919 3292 quale-hac
2949 3201 3020 3271 in
3059 3224 3130 3271 re
3156 3194 3279 3269 ins·
3419 3248 3426 3255 -

397 3295 414 3313 ⁶
450 3294 592 3365 utic
622 3291 715 3366 est
732 3343 758 3381 ‚
793 3292 1014 3387 quoad
1038 3288 1179 3366 fieri
1203 3289 1414 3386 potest
1438 3342 1464 3380 ‚
1496 3295 1818 3370 utendum
1841 3292 1962 3368 effe
1992 3292 2295 3374 arbitror.
2378 3294 2554 3368 Fida
2597 3320 2676 3369 ex
2725 3298 2955 3371 auditu
2998 3298 3078 3389 est
3099 3345 3125 3383 ‚
3172 3296 3278 3367 cui

370 3393 441 3466 in
469 3391 675 3465 surdis
706 3391 877 3464 visus
921 3388 1259 3487 lignorum
1296 3388 1661 3484 respondet.
1916 3454 1921 3459 .

563 3489 769 3579 de
819 3485 870 3560 fi
916 3516 1076 3562 vero
1101 3491 1243 3583 quis
1272 3489 1354 3561 de
1378 3490 1573 3583 hujus
1615 3491 1865 3586 linguae
1887 3487 2163 3565 succefl'u
2202 3492 2462 3568 dubitet
2483 3544 2507 3580 ,
2565 3492 2620 3562 is
2647 3491 2849 3564 velim
2872 3510 3025 3564 ante
3053 3493 3279 3567 oculos

365 3608 575 3684 ponat
599 3589 899 3681 exempla
923 3588 1275 3661 doetorum
1302 3590 1603 3663 virorum
1626 3639 1651 3677 ‚
1680 3589 1795 3684 qui
1825 3589 2050 3662 surdos
2073 3612 2309 3666 natura
2335 3593 2534 3666 etiam
2559 3589 2742 3684 loqui
2764 3590 3135 3665 docuerunt
3153 3643 3175 3679 ,
3209 3589 3278 3664 id

369 3689 556 3780 quod
575 3685 793 3760 nostra
819 3704 1013 3759 aetate
1031 3693 1098 3778 J.
1129 3684 1438 3775 Wallifius
1457 3736 1483 3775 ‚
1521 3712 1744 3782 magni
1771 3689 1875 3761 vir
1899 3688 2182 3762 nominis
2208 3742 2233 3778 ‚
2280 3692 2349 3763 in
2381 3688 2590 3763 nobili
2617 3689 2904 3783 quodam
2927 3689 3227 3783 praestitit
3251 3718 3278 3774 ς

370 3789 437 3858 &
453 3805 607 3858 ante
633 3780 849 3878 ipsum
876 3785 945 3855 in
974 3784 1267 3877 pluribus
1296 3784 1470 3858 idem
1511 3783 1719 3858 feciffe
1743 3786 2072 3880 quendam
2112 3795 2372 3863 Petrum
2393 3794 2722 3875 Pontium,
2739 3790 3137 3863 monachum
3160 3790 3277 3866 Sti.
3319 3804 3665 3872 Videatur-0·

370 3884 701 3957 Benedisti
726 3931 751 3970 ‚
802 3882 1151 3972 Franciscus
1189 3882 1456 3973 Valefius
1493 3881 1737 3958 referta
1767 3885 1958 3978 plane
1997 3905 2076 3958 ut
2103 3889 2352 3961 nemini
2380 3887 2657 3981 amplius
2679 3937 2703 3973 ‚
2760 3911 2913 3981 quae
2969 3888 3053 3961 de
3081 3885 3284 3983 perfe-
3322 3888 3408 3950 Cl-
3441 3897 3661 3953 Amma-
3784 3934 3792 3949 ·

375 3985 482 4054 &a
522 3981 821 4076 gestuum
866 3983 1088 4074 lingua
1113 3980 1290 4059 dixi,
1317 3979 1714 4056 incredibilia
1763 3986 1968 4058 videri
1990 3982 2257 4078 poffint.
2381 3982 2807 4062 Videbantur
2831 3984 2979 4059 sane
3002 3987 3282 4074 nemini,
3325 3978 3385 4031 ’ἡ
3410 3975 3618 4032 Surdus

374 4080 624 4174 qui‚vel
659 4082 927 4167 leviter,
966 4079 1124 4172 quid
1146 4075 1229 4151 fit
1252 4079 1434 4172 loqui
1461 4129 1484 4165 ‚
1527 4102 1823 4175 unquam
1855 4084 2155 4158 attendit.
2251 4086 2431 4158 Cum
2476 4084 2651 4157 enim
2682 4108 2876 4157 voces
2904 4081 3038 4158 fere
3062 4076 3291 4157 omnes
3326 4055 3569 4135 “mm“

374 4180 853 4273 cogitationum
901 4173 1086 4273 figna
1111 4178 1287 4250 nude
1318 4176 1666 4253 indicantia
1694 4176 1823 4252 fint
1848 4231 1871 4268 ‚
1915 4204 2069 4276 quae
2117 4183 2255 4257 aliis
2297 4208 2366 4256 re
2446 4182 2910 4256 aesentantibus
2957 4180 3298 4256 neceffario

374 4274 716 4351 succedere
737 4275 1108 4350 debuerunt
1122 4304 1149 4359 ‚-
1171 4272 1447 4371 quilibet
1474 4276 1940 4351 animadvertit
1959 4329 1985 4366 ,
2014 4281 2281 4374 perinde
2304 4209 2474 4369 dier,
2507 4279 2557 4355 fi
2584 4286 2729 4377 quis
2757 4283 2854 4352 his
2881 4279 3298 4374 repraesenta-

376 4373 675 4450 tionibus
715 4377 1002 4469 corporis
1043 4395 1266 4448 motus
1296 4371 1580 4449 visibiles
1603 4426 1626 4463 ‚
1657 4399 1734 4449 ac
1765 4372 1818 4450 fi
1846 4397 2057 4451 certos
2079 4380 2261 4452 vocis
2306 4376 2498 4455 sonos
2524 4379 2868 4454 substituat
2910 4405 2929 4447 ε
2965 4377 3125 4467 quin
3159 4378 3299 4448 imo

374 4475 539 4549 illud
563 4472 1153 4568 aflqaanto'facilius
1179 4474 1423 4562 videri,
1450 4477 1632 4568 quod
1654 4478 1942 4572 corporis
1968 4498 2195 4552 motus
2222 4483 2258 4550 a
2282 4475 2474 4575 signis
2500 4471 3304 4574 repraesentantibuanuae

380 4575 449 4648 δε
488 4571 623 4668 ipsa
652 4572 1040 4667 plerumque
1083 4568 1263 4667 signa
1309 4569 1588 4646 visibilia
1623 4572 1774 4649 sunt
1800 4627 1825 4664 ,
1864 4579 2136 4672 propius
2160 4574 2398 4651 absunt
2437 4600 2639 4674 quam
2683 4571 2815 4643 oris
2857 4587 3077 4639 vocer.

571 4675 663 4745 At
689 4672 864 4744 enim
885 4720 910 4757 ,
942 4667 994 4743 fi
1028 4696 1181 4743 vera
1204 4673 1350 4742 haec
1371 4670 1524 4744 sunt
1542 4722 1567 4761 ,
1594 4698 1748 4769 quae
1776 4676 2094 4767 dicimus,
2118 4675 2530 4770 quidquaeso
2555 4661 2793 4746 cauffae
2813 4657 3141 4751 est,quod,
3156 4678 3323 4734 clm

383 4759 763 4865 Werenfilfii
813 4768 1114 4870 opuscula}
1166 4768 1368 4844 Toni.
1399 4770 1438 4845 1
1455 4769 1517 4849 Ξ.
2331 4812 2336 4817 ·
2414 4773 2468 4844 B
2500 4770 2550 4843 b
2594 4766 2646 4839 b
3197 4771 3322 4826 tot
