4188 5670
1520 281 2283 395 Funerum.
2803 338 2812 346 -
3184 320 3333 395 429

436 556 441 561 ⁴
622 463 871 546 Possem
916 464 1024 549 hic
1056 463 1745 567 longmu,catalogum
1787 483 2007 545 texere
2038 493 2182 545 non
2220 468 2651 571 Eruditormu
2689 476 2893 561 modo
2913 528 2935 565 ‚
2997 473 3104 553 sed
3152 482 3330 556 Prin.

374 567 637 662 ‚cipum
683 570 879 643 etiam
932 562 1341 663 aliorumque
1382 558 1736 643 nlnstrinm
1782 564 2104 643 Virorum
2130 619 2154 659 ‚
2208 567 2448 667 quibus
2498 574 2626 649 hoc
2681 580 3119 672 praecipue-in
3179 582 3346 655 loco·

405 671 725 782 qurfii-
745 662 945 741 nostri
971 664 1160 741 dotes
1205 667 1275 739 δε
1322 663 1603 741 virtutes
1650 665 2103 742 innotuerunt.
2187 668 2316 742 Sed
2366 695 2536 746 unus
2574 695 2754 749 nunc
2793 679 2958 751 mihi
3005 672 3086 751 fit
3133 679 3330 753 instar

374 760 769 857 jommum,
814 758 1710 850 mustsffimusnominue,
1748 764 2288 842 ROGERUS
2340 768 2930 848 BRULATUS
2962 826 2984 863 ,
3026 776 3327 851 Marchio
3453 810 3464 821 ·

406 860 492 937 de
548 863 907 957 Puyzieulx
954 864 1019 943 8:
1054 863 1312 948 Silleri,
1368 863 1490 937 &c-
1542 862 1664 937 &a
1725 863 1806 936 Μ
1833 862 2128 939 AGNI
2206 865 2898 955 GALLIARUM
2984 874 3325 948 REGIS

408 958 494 1034 ad
540 960 856 1037 Nostram
882 960 1173 1036 Gentem
1378 977 1482 1049 tus
1507 956 2115 1037 Excellentiffimus.
2193 965 2353 1055 Qua
2380 965 2445 1038 Is
2464 962 2924 1042 benevolentia
2938 977 3327 1068 Buxtorfimn

406 1057 492 1137 ad
541 1059 734 1155 hujus
767 1056 1030 1133 obitum
1056 1057 1260 1154 usque
1337 1076 1369 1133 t
1395 1059 1698 1153 dignatus
1718 1108 1742 1145 ‚
1775 1083 1977 1153 quam
2002 1058 2344 1134 luculentis
2373 1087 2519 1137 eam
2544 1066 2930 1143 testimoniis
2949 1067 3325 1158 ostenderit,

380 1181 613 1250 quam
639 1160 923 1252 graviter
940 1160 1261 1253 jacturam
1285 1158 1425 1250 ejus
1455 1157 1675 1231 tulerit
1702 1184 1730 1238 3
1763 1174 2013 1233 notum
2041 1156 2133 1231 est
2157 1183 2298 1233 non
2341 1162 2593 1234 civitati
2628 1165 2832 1239 modo
2875 1166 3114 1251 nostrae
3139 1219 3164 1254 ,
3220 1167 3326 1242 sed

406 1255 536 1328 toti
586 1280 752 1350 pene
787 1256 1132 1333 Helvetiae.
1182 1254 1654 1351 .Qa·quidem
1686 1255 1757 1327 in
1788 1279 1862 1327 re
1904 1253 2294 1330 monstravit
2330 1258 2798 1334 Illustriffimus
2830 1253 3157 1338 Dominus
3178 1264 3327 1340 sub-

408 1354 635 1426 astum
652 1355 721 1425 in
756 1352 1200 1453 dignoscendis
1245 1353 1515 1455 ingeniis
1552 1353 1874 1446 judicium
1906 1402 1931 1438 ,
1979 1377 2405 1451 amoremque
2469 1353 2861 1455 singularem
2912 1388 3066 1459 erga
3112 1365 3326 1441 literas

301 1496 308 1501 ·
407 1450 819 1547 literatusque
855 1454 1195 1527 homines:
1247 1452 1315 1524 id
1337 1501 1362 1537 ‚
1391 1450 1572 1547 quod
1611 1475 1809 1524 nemo
1840 1447 2216 1539 mirabitur,
2246 1455 2350 1527 cui
2382 1478 2466 1528 ex
2491 1457 2904 1545 historiarum
2936 1486 3328 1539 monumen-

405 1549 488 1620 tis
511 1553 848 1648 cognitum
864 1551 979 1640 est,
1010 1552 1180 1627 inter
1209 1552 1552 1651 innumera
1572 1550 1622 1622 B
1642 1549 1705 1622 R
1725 1548 1793 1622 U
1812 1550 1867 1623 L
1886 1551 1941 1623 A
1965 1547 2029 1621 R
2047 1549 2113 1622 T
2135 1549 2169 1624 1
2190 1552 2270 1647 AE
2311 1553 2545 1649 Gentis
2572 1557 2805 1630 decora
2838 1560 2902 1631 &
2927 1561 3051 1631 hoc
3080 1558 3328 1657 semper

404 1643 586 1721 fuiflb
609 1699 634 1737 ,
672 1672 870 1723 omne
900 1646 1143 1726 artium
1186 1652 1252 1723 δι
1294 1647 1633 1721 literarum
1667 1668 1874 1741 genus
1912 1651 1979 1722 &
2001 1645 2174 1722 nolle
2205 1699 2228 1736 ‚
2265 1653 2331 1722 &
2355 1653 2434 1726 in·
2464 1651 2600 1726 aliis
2622 1654 2849 1730 fovere
2872 1660 2938 1730 ἃ
2960 1673 3330 1755 protegere.

444 1832 473 1852 κ
601 1793 947 1892 Postquam
975 1803 1329 1897 antorfius
1366 1793 1609 1868 Noster
1631 1846 1653 1883 ‚
1698 1814 1968 1897 mortuo
2010 1798 2256 1873 Socero
2279 1849 2304 1886 ,
2377 1806 2451 1875 in
2495 1801 2815 1875 Senatum
2866 1793 3327 1869 Academicum

382 1888 613 1966 firiffiet
645 1894 950 1984 allectus,
990 1897 1209 1985 statim
1250 1889 1562 1993 probavit
1608 1895 1760 1968 huic
1798 1894 2015 1968 ordini
2064 1892 2458 1993 singularem
2500 1898 2570 1971 in
2608 1894 3016 1994 quibuslibet
3049 1893 3328 1989 negotiis
3405 1976 3412 1985 ¹

398 1993 754 2091 tractandis
804 1996 1128 2069 solertiam
1163 1998 1231 2071 ἃ
1277 1992 1663 2068 dexteritate
1740 1992 1783 2065 '.·
1817 1993 1992 2066 unde
2047 1993 2135 2068 ab
2197 2021 2280 2069 eo
2334 2022 2632 2092 tempore
2687 1995 2853 2089 tanti
2916 1988 3139 2064 Habita
3178 1991 3328 2065 sunt

380 2086 545 2184 'ejus
573 2090 836 2166 confilia
865 2145 888 2178 ,
923 2115 1002 2167 ut
1033 2094 1207 2167 nihil*
1231 2097 1301 2167 in
1328 2113 1410 2165 eo
1449 2086 1704 2163 constfl'
1754 2109 1869 2166 aut
1888 2086 2207 2189 sapienter
2231 2100 2596 2191 cogitatum
2621 2148 2645 2183 ,
2680 2110 2796 2169 aut
2828 2088 3068 2165 utiliter
3112 2089 3329 2169 decre-

399 2213 549 2267 tum
588 2184 712 2277 fit,
770 2191 957 2284 cujus
1006 2189 1137 2287 ipse
1184 2216 1325 2264 non
1385 2210 1622 2282 magna
1669 2214 1818 2283 pars
1865 2188 2062 2266 filei-it.
2114 2222 2135 2263 .·
2179 2193 2248 2265 δι
2287 2246 2312 2280 ,
2360 2196 2617 2290 quoties
2646 2191 2954 2267 incideret
2984 2190 3327 2283 negotium

446 2287 598 2364 aulo
642 2288 1001 2364 intricatius
1026 2341 1053 2383 ‚
1107 2293 1464 2385 Buxtorfius
1504 2286 1672 2360 inter
1706 2290 1954 2382 primos
1982 2286 2135 2364 effer
2164 2341 2189 2377 ‚
2234 2295 2349 2386 qui
2377 2294 2461 2366 ad
2513 2292 2579 2363 id
2622 2286 3101 2387 expediendum
3148 2287 3327 2360 adhi-

397 2317 652 2467 bendus
697 2387 1078 2466 censeretur.
1145 2379 1501 2462 Commiffa
1533 2382 1732 2459 etiam
1762 2387 2081 2487 Gymnafii
2106 2387 2309 2462 nostri
2346 2394 2636 2485 Mariani
2684 2388 3053 2465 vifitatione
3089 2409 3327 2480 magna

397 2487 533 2562 fide
584 2488 648 2557 &
686 2487 1012 2579 diligentia
1050 2484 1392 2559 defunctus
1443 2479 1581 2555 est:
1628 2484 1810 2576 cujus
1837 2510 2059 2580 operae
2096 2485 2388 2562 fructum
2430 2489 2803 2564 uberiorem
2854 2488 3080 2560 civitas
3110 2483 3327 2561 nostra

400 2585 668 2765 gent-iiret
688 2631 717 2668 ,
755 2582 805 2654 fi
832 2603 975 2655 tam
1012 2582 1195 2657 facile
1241 2583 1416 2658 foret
1450 2579 1710 2656 morbis
1751 2586 2126 2657 inveteratis
2159 2587 2409 2665 mederi
2448 2639 2474 2678 ,
2541 2612 2745 2685 quam
2789 2611 2902 2660 eos
2951 2605 3212 2655 cernere
3252 2584 3326 2659 ἀ

287 2752 291 2761 ,
453 2708 533 2777 ep
558 2702 760 2755 orare.
1230 2726 1233 2729 π
1512 2713 1522 2723 ·

599 2830 969 2928 Plerun'qu'e
1003 2834 1280 2925 accidit,
1323 2839 1422 2909 ut'
1444 2862 1728 2930 quorum
1757 2839 1943 2913 dotes
1982 2841 2049 2913 in
2104 2839 2390 2915 inferiori
2424 2838 2569 2912 loco
2610 2834 2830 2930 magni
2873 2824 3328 2914 aestimaturi

396 2931 464 3008 hi
491 2978 518 3019 ,
557 2931 641 3004 ad
666 2931 755 3006 alt
780 2958 895 3005 ora
917 2938 1163 3020 evecti,
1194 2934 1256 3007 ie
1291 2933 1440 3029 ipsis
1462 2940 1745 3011 minores
1771 2940 2190 3032 reperiantur.
2268 2942 2359 3014 At
2389 2936 2587 3010 nostri
2611 2933 2948 3030 ingenium
2980 2949 3328 3027 nunquam

397 3030 605 3124 magis
642 3031 919 3104 eminuit
940 3083 961 3118 ‚
1010 3057 1208 3126 quam
1233 3083 1257 3122 ‚
1295 3058 1448 3107 cum
1474 3037 1556 3107 ad
1580 3034 1871 3108 summos
1901 3039 1973 3108 in
2006 3039 2355 3112 Academia
2389 3035 2723 3132 dignitatis
2752 3034 2988 3128 gradus
3020 3028 3327 3111 ascend't.

336 3137 339 3142 ’
384 3129 832 3202 Rectoratum
864 3130 1324 3203 Academicum
1352 3129 1451 3205 bis
1475 3184 1498 3220 ,
1562 3133 1977 3207 Decanatum
2043 3136 2115 3209 in
2169 3137 2282 3211 sua
2327 3136 2658 3213 Facultate
2694 3132 2923 3226 septies
2964 3134 3053 3205 ita
3082 3122 3321 3223 gellio,

398 3246 479 3299 ut
522 3252 719 3299 nemo
768 3224 920 3301 effet
949 3279 972 3315 ,
1003 3231 1118 3322 qui
1156 3254 1289 3328 non
1342 3231 1684 3305 miraretur
1733 3233 1873 3326 ejus
1935 3231 2311 3328 sapientiam
2369 3259 2525 3310 cum
2569 3232 2710 3327 pari
2749 3228 3123 3325 eloquentia
3172 3239 3328 3294 cor!-

398 3325 742 3418 juntstanu
795 3346 994 3423 atque
1025 3325 1318 3422 inprimis
1359 3326 1726 3424 singulare,
1764 3331 1947 3424 quod
1993 3334 2061 3404 in
2111 3327 2195 3406 eo
2241 3329 2752 3427 conspiciebatur
2790 3378 2812 3413 ‚
2878 3322 3214 3423 gravitatis
3260 3320 3328 3391 δε
3413 3367 3420 3374 -

401 3426 726 3497 comitatis
750 3476 771 3510 ,
805 3423 1161 3498 severitatis
1193 3427 1259 3499 &
1299 3427 1767 3502 moderationis
1805 3448 2408 3524 temperamentum
2438 3459 2458 3500 ε
2509 3423 2865 3518 omnesque
2914 3422 3356 3504 faterentur,-

397 3545 553 3595 eum
576 3573 600 3608 ‚
655 3518 704 3594 fi
762 3521 895 3594 fors
944 3527 1034 3598 ita
1084 3521 1319 3598 tuliffet
1368 3576 1391 3612 ‚
1440 3527 1526 3599 ad
1566 3527 1818 3620 majora
1864 3530 1929 3601 &
1954 3529 2147 3622 longe
2187 3528 2503 3621 ampliora
2533 3518 3337 3616 gubernanda-idoneum.

398 3613 600 3693 fuiss'e.
668 3620 986 3693 Nostrum
1022 3621 1167 3698 fitne
1192 3674 1214 3711 ,
1268 3624 1586 3718 quamdiu
1627 3649 1753 3721 ego
1780 3653 1785 3658 ·
1808 3625 2236 3721 Philosophici
2280 3624 2557 3720 Collegii
2612 3643 2759 3714 pars
2784 3616 2930 3705 fui,
2987 3619 3325 3691 oraculum

398 3717 646 3817 semper
690 3739 829 3792 erat
875 3720 1302 3794 Buxtorfiust
1338 3747 1415 3798 ac
1452 3717 1623 3817 saepe
1661 3745 1923 3796 mecum
1976 3721 2302 3818 optabant
2340 3723 2447 3798 alii
2459 3733 2498 3818 ',
2555 3737 2630 3796 ut
2684 3724 2736 3793 is
2791 3739 3109 3814 perpetuo
3155 3720 3328 3791 inter

398 3841 520 3890 nos
570 3821 918 3908 Decanatu
970 3815 1371 3922 fungeretur.
3279 3835 3292 3866 ι

594 3964 1021 4042 commistam
1068 3971 1131 4045 S.
1181 3972 1457 4067 Linguae
1494 3968 1966 4050 Profeffionem
2018 3971 2112 4046 ita
2159 3961 2684 4045 administravitz
2730 3978 2807 4034 ut
2849 3953 3110 4055 publice
3137 3954 3325 4029 alter-

401 4062 498 4135 nis
545 4063 932 4139 lectionibus
984 4069 1190 4146 modo
1242 4068 1485 4142 librum
1536 4073 1620 4142 V.
1667 4071 1752 4148 T.
1784 4071 1958 4144 notis
1998 4068 2410 4165 Philolugicis
2466 4068 2529 4139 ἃ.
2573 4061 2825 4137 criticis
2875 4052 3327 4131 illustrandum

401 4159 739 4258 susciperet
766 4217 789 4252 2
822 4191 950 4261 qua
977 4170 1234 4242 ratione
1283 4167 1636 4263 Prophetam
1683 4167 2406 4264 Hoseam7&‹1'roverbia
2456 4165 2781 4241 Salomonis
2827 4177 3131 4254 magnam
3185 4172 3330 4265 par:

400 4277 538 4333 tem
576 4259 858 4337 absolvit
882 4295 908 4349 ‚-
970 4267 1181 4340 modo
1259 4270 1297 4339 a
1344 4265 1696 4361 tyronibus
1757 4261 2359 4362 interpretationem
2414 4281 2492 4337 ac
2536 4257 2999 4346 resolutionem
3049 4247 3327 4340 Pfhltm⁸

396 4352 679 4446 David&
717 4363 1020 4454 exigeret.
1103 4365 1440 4443 Privatam
1470 4392 1632 4442 vero
1660 4389 1931 4462 operam
1968 4366 2214 4444 nemini
2237 4365 2515 4457 Linguae
2545 4358 2864 4467 Hebraeae⁸
2881 4405 2915 4448 ι,
2948 4343 3336 4464 ῼΙιειξᾶθὲθεζ

401 4476 517 4530 aut
546 4459 733 4552 33⁸ae
784 4458 1101 4540 discendae
1132 4466 1371 4558 cupido
1399 4491 1702 4561 unquam
1752 4465 2018 4561 negavit
2045 4492 2067 4545 3
2090 4464 2275 4538 nullo
2337 4459 2564 4534 habito
2623 4452 3010 4531 conditionis
3037 4496 3058 4531 ‚
3091 4458 3340 4546 ingemi

404 4572 518 4628 aut
576 4556 992 4650 profectuum
1037 4559 1407 4638 discrimine
1456 4614 1481 4651 ,
1538 4566 1845 4658 nullaque
1901 4560 2142 4636 laboris
2188 4560 2490 4636 mercede
2536 4558 2573 4627 a
2615 4570 2957 4660 quqquam
3003 4524 3342 4632 tequffiffl-

414 4653 493 4730 In
517 4655 815 4730 docendo
841 4683 1001 4732 vero
1028 4659 1155 4731 tale
1185 4656 1576 4737 observabat
1606 4683 2226 4759 temperamentum,
2255 4679 2334 4731 ut
2364 4654 2619 4748 ingenia
2644 4645 2932 4717 feliciora
2961 4655 3098 4709 non
3119 4645 3353 4695 remo-

612 4754 985 4852 ’γένυος-’ἰῶ
1039 4756 1351 4851 οιιυιίειιιηἼ
1391 4760 1594 4836 Tom.
1647 4761 1758 4835 11.
1788 4863 1805 4870 ἢ
2415 4751 2502 4824 li
2531 4748 2570 4864 ῑἱ
3059 4734 3357 4813 taret-22,
