4188 5670
1003 322 1764 410 Ειιῦἦιτὸκξ
1907 336 2161 410 CAP.
2289 334 2504 410 111.
3121 358 3206 415 21

522 511 630 587 'Ac
669 512 860 606 pruno
910 508 1175 607 quidem
1242 506 1709 602 observamus-⁶,
1760 517 1824 587 in
1865 512 2409 609 disputationibus
2465 515 2816 585 doc‘torum
2870 565 2892 601 ‚
2948 536 3109 606 quas
3153 513 3254 583 lo-‘
3311 522 3581 614 Legem«

348 613 711 709 gomachias
763 612 1080 706 appellare
1118 610 1314 700 licet,
1359 638 1431 683 ea
1481 610 1992 707 significatione,
2053 636 2251 706 quam
2288 611 2473 706 supra
2524 612 2831 703 elegimus
2874 640 2896 692 3
2968 612 3248 708 aliquan-
3302 598 3546 694 clausum

343 714 415 783 'do
439 734 670 782 omnem
699 716 765 781 ἰή
790 711 989 783 verbis
1041 705 1149 806 effi?
1181 709 1498 806 dtffens‘um
1525 762 1544 796 ,
1577 720 1642 781 in
1673 738 1738 783 re
1772 712 2001 805 prorsus
2022 714 2264 783 nullum
2290 740 2309 779 .·
2338 709 2661 808 aliquando
2687 758 2712 794 ,
2764 707 2872 803 effi
2951 709 3158 779 uidem
3179 736 3245 779 a·
3314 698 3490 817 ἔξω
3508 676 3638 758 sf‘*

344 810 577 907 liquam
635 832 885 907 eamque
938 834 1154 881 veram
1205 819 1364 881 inter
1404 804 1766 901 disputantes
1793 809 2188 906 diffenfionem
2214 859 2237 894 ‚
2287 816 2376 879 ita
2418 827 2620 881 tamen
2639 850 2657 877 ‚
2690 826 2767 878 ut
2795 833 2907 879 ver
2945 835 2985 879 a
3021 806 3248 894 utrius?
3310 797 3532 916 0391„

383 932 455 977 ue
508 905 836 994 alteriufhe
855 911 1049 998 partis
1101 909 1199 979 lon
1235 932 1266 979 e
1300 908 1487 978 aliam
1517 932 1764 1006 eamque
1789 917 1853 980 in
1892 907 2174 1001 pluribus
2230 903 2321 992 ἐξ)
2343 904 2736 1003 gravioribus
2778 926 2901 997 prae
2929 909 3001 996 se
3021 905 3255 999 ferant.
3309 920 3356 997 ς.
3383 930 3446 991 7.

314 934 444 1097 ‚Pit
496 1006 672 1073 enim
725 1000 896 1097 saepe
927 1055 950 1090 ‚
997 1025 1074 1077 ut
1114 936 1556 1079 diffidentium
1599 1027 1920 1100 uterque,
1978 1027 2093 1077 aut
2130 1005 2286 1075 alter
2315 1054 2333 1086 ,
2379 1027 2534 1073 cum
2573 1002 2954 1074 sententiam
3004 1002 3262 1075 alterius
3309 1005 3536 1096 laurum
3565 1012 3590 1098 J

349 1117 729 1193 oppugnat,
797 1127 937 1173 non
982 1104 1047 1174 id
1089 1105 1293 1175 modo
1334 1102 1580 1175 refellat
1610 1154 1631 1188 ,
1685 1106 1755 1174 in
1803 1128 1936 1199 quo
1981 1127 2205 1174 revera
2262 1098 2472 1174 abeo
2522 1099 2800 1172 dissentit
2826 1152 2849 1186 ‚
2890 1100 2994 1172 sed
3046 1097 3264 1172 verbis
3311 1082 3618 1179 dnffemm

349 1195 734 1290 quibusdam
782 1224 919 1271 non
966 1200 1304 1274 intellec‘tis
1351 1196 1632 1272 offensus
1666 1250 1690 1286 ‚
1748 1198 2063 1291 simulque
2099 1253 2119 1285 ‚
2161 1201 2261 1271 uti
2287 1196 2364 1270 fit
2399 1248 2423 1285 ,
2489 1195 2729 1271 affediu
2778 1196 3083 1292 abreptus
3110 1249 3134 1286 ‚
3178 1199 3268 1270 la-
3298 1180 3512 1246 ''mu'‘

347 1299 474 1367 tius
525 1313 796 1388 vagetur
821 1346 846 1384 ‚
902 1318 1103 1392 atque
1144 1326 1221 1372 ea
1262 1298 1465 1371 etiam
1498 1298 1836 1371 refutanda
1866 1296 2217 1370 sibisumat
2243 1349 2266 1383 ‚
2315 1298 2396 1369 de
2444 1294 2682 1390 quibus
2735 1298 2902 1370 inter
2939 1295 3000 1368 se
3042 1299 3107 1369 &
3157 1296 3267 1371 ad-

348 1390 699 1466 versarium
753 1398 1064 1469 convenit
1101 1425 1120 1466 ε
1174 1398 1449 1490 haecque
1488 1398 1723 1467 omnia
1755 1447 1779 1484 ‚
1845 1397 2156 1468 crescente
2199 1394 2671 1489 disputantium
2717 1392 2976 1466 fervore
3002 1445 3023 1480 ‚
3053 1396 3143 1467 ita
3175 1395 3269 1466 in.

348 1509 453 1562 ter·
496 1488 559 1561 se
602 1491 1106 1584 permisceantur
1151 1496 1218 1568 ἃ
1268 1491 1754 1567 confundantur
1789 1545 1812 1580 ,
1856 1513 1935 1569 ut
1973 1495 2238 1565 tandem
2267 1545 2288 1579 ,
2319 1495 2387 1565 in
2413 1519 2548 1586 quo
2599 1491 2942 1567 consensus
2971 1543 2996 1578 ,
3025 1492 3091 1563 in
3131 1512 3267 1585 quo

351 1585 656 1660 diffensus
720 1586 851 1678 sit,
902 1595 1023 1663 vix
1101 1592 1386 1688 amplius
1452 1589 1724 1662 discerni
1774 1589 1974 1686 possit
2006 1621 2033 1675 ,-
2131 1592 2308 1686 quod
2389 1592 2633 1663 vitium
2702 1594 2944 1683 partim
3014 1592 3262 1684 ἱτιςοζη-

347 1687 515 1755 wn'm
549 1736 574 1773 ,
633 1689 873 1781 partim
932 1693 1323 1773 πολυξητῆω
1370 1690 1663 1762 vicinum
1720 1690 2002 1763 videtur.
2077 1691 2266 1762 Illam
2304 1690 2590 1782 priorem
2631 1713 2752 1759 nos
2820 1686 3266 1784 logomacbiam
3315 1698 3559 1771 Logmae·
3647 1726 3654 1731 -

336 1801 565 1874 pteram
591 1835 615 1870 ‚
669 1787 838 1858 hanc
869 1794 1133 1859 mixtam
1174 1786 1662 1882 appellabimus.
1748 1789 1866 1860 Illa
1902 1791 2187 1881 ineptior
2225 1787 2315 1859 est
2354 1838 2378 1875 ,
2430 1786 2536 1858 sed
2598 1786 2957 1880 plerunque
3004 1786 3263 1856 detec'tu
3310 1777 3432 1834 θύα
3447 1794 3595 1875 93⁰²

342 1877 593 1952 facilior
640 1908 657 1951 ε
714 1885 863 1956 haec
911 1901 1165 1978 quanto
1224 1882 1547 1957 difficilior
1583 1889 1904 1978 cognitu,
1951 1906 2142 1958 tanto
2198 1886 2403 1980 magis
2436 1884 2526 1957 est
2569 1884 2935 1956 metuenda.
3029 1884 3126 1956 Ac
3171 1884 3264 1953 ta'-
3308 1853 3389 2000 P&
3425 1875 3628 1997 ”²⁸²Jff’

345 1975 538 2048 metsi
580 1979 684 2049 illa
729 1983 1004 2053 minime
1045 2006 1189 2053 rara
1228 1979 1308 2055 fit
1338 2034 1361 2072 ‚
1407 1986 1505 2055 uti
1556 1983 1843 2057 vidimus
1894 1996 1949 2070 ‚²
1976 1986 2124 2056 haec
2168 2003 2388 2055 tamen
2434 1984 2627 2075 longe
2668 1981 2759 2052 est
2797 1981 3196 2075 frequentior
3233 2029 3260 2066 ‚
3294 1957 3633 2103 spssfzbfi‘

346 2073 548 2166 plane
580 2124 604 2161 ‚
649 2098 727 2148 ut
775 2079 986 2150 dicere
1019 2077 1330 2173 poflimus
1364 2126 1384 2161 ,
1429 2105 1747 2175 perquam
1798 2106 2034 2176 paucas
2083 2082 2493 2154 eruditorum
2561 2079 3021 2176 disputationes
3072 2075 3190 2151 effe
3237 2126 3261 2164 ‚
3316 2121 3427 2185 422
3450 2101 3632 2163 verbo

343 2195 506 2262 quae
555 2197 692 2245 non
727 2175 1019 2283 ‘aliquam
1072 2176 1432 2253 verborum
1485 2203 1780 2277 pugnam
1837 2181 2207 2257 admixtam
2262 2176 2564 2252 habeant.
3313 2201 3439 2242 rum
3460 2200 3566 2264 pu-

3304 2284 3445 2343 gna.

535 2370 698 2457 Qo
749 2368 970 2443 minus
1001 2375 1383 2451 temeritatis
1451 2373 1804 2452 accusabor
1826 2430 1851 2467 ,
1895 2372 1944 2451 si
1969 2432 1991 2468 ‚
2038 2377 2223 2473 quod
2273 2398 2451 2450 nunc
2485 2375 2752 2469 quidem
2807 2392 2956 2446 ante
3006 2369 3129 2443 alia
3158 2386 3268 2439 oc-
3317 2345 3633 2485 {3222250

343 2469 539 2539 currit
564 2518 588 2554 ,
636 2471 924 2561 exempli
975 2474 1117 2546 loco
1167 2478 1456 2549 attulero
1480 2529 1503 2564 ,
1541 2498 1756 2550 ortam
1806 2499 1958 2551 ante
2007 2476 2224 2560 lustra,
2254 2503 2392 2551 non
2435 2476 2527 2546 ita
2578 2476 2787 2547 multa
2816 2523 2840 2558 ‚
2878 2475 3048 2542 inter
3099 2464 3270 2537 surn-
3330 2509 3394 2571 de
3415 2507 3640 2565 ‚must-⁴

342 2589 481 2636 mos
536 2563 775 2652 Viros,
825 2568 910 2640 de
953 2573 1291 2661 sabbathi,
1324 2575 1422 2646 uti
1493 2577 1853 2671 loquuntur
1896 2627 1920 2663 ‚
1947 2578 2295 2648 moralitate
2315 2628 2337 2664 ‚
2393 2572 2918 2666 disputationem.
2993 2566 3160 2643 Non
3208 2584 3271 2633 e-
3328 2604 3439 2656 tm
3453 2587 3660 2651 Sabba-

344 2664 473 2733 nim
523 2667 927 2757 negaverim,
976 2668 1095 2742 effe
1145 2672 1251 2742 hic
1312 2672 1595 2764 aliquam
1651 2677 1719 2746 in
1749 2699 1830 2746 eo
1858 2672 2329 2760 dissensionem,
2352 2671 2533 2763 quod
2561 2668 2670 2738 alii
2733 2667 2816 2736 ad
2866 2664 3051 2752 illud,
3104 2659 3283 2760 quod
3329 2672 3432 2738 uhi·

344 2760 712 2834 et'amnunc
761 2761 1048 2853 obtinet,
1074 2768 1330 2860 septem
1366 2771 1623 2840 dierum
1647 2772 2065 2841 intervallum
2088 2821 2112 2857 ,
2164 2774 2333 2841 inter
2368 2767 2503 2839 dies
2548 2760 2810 2858 publico
2857 2762 3023 2834 Dm
3079 2762 3283 2839 cultui

345 2855 589 2947 factos,
636 2860 985 2936 Ecclesiam
1030 2865 1488 2952 Christianam,
1544 2891 1735 2959 aeque
1791 2885 1989 2959 atque
2041 2867 2389 2961 Judaicam
2441 2862 2597 2934 olim
2628 2912 2653 2948 ,
2691 2860 3054 2933 adstrictam
3124 2864 3278 2949 esse,

355 2958 763 3029 contendunt
805 3013 827 3047 ‚
880 2988 1037 3055 quae
1116 2965 1485 3034 communis
1532 2961 2072 3040 Ecclefiaenostrae
2123 2964 2437 3038 sententia
2487 2958 2625 3032 est:
2662 2960 2768 3031 alii
2803 2961 3075 3048 dicunt,
3130 2985 3284 3058 pru·

351 3052 581 3124 denter
624 3059 885 3147 quidem
929 3062 1070 3146 hoc]
1113 3061 1367 3133 drerum
1415 3063 1832 3135 intervallum
1871 3060 2264 3150 ab0Ecclesia
2309 3056 2670 3135 Christiana
2722 3056 2841 3130 effe
2894 3079 3226 3132 retentum
3257 3083 3284 3135 3

355 3146 545 3240 tgiffe
590 3170 813 3223 tamen
845 3179 982 3228 eam
1003 3210 1027 3246 ‚
1070 3160 1250 3253 quod
1288 3161 1392 3231 hic
1433 3161 1588 3254 egit,
1617 3185 1753 3233 non
1778 3181 2111 3255 praecepto
2159 3179 2397 3256 quarto
2458 3156 2542 3228 ad
2596 3156 2664 3227 id
2705 3145 3063 3249 obligatam
3090 3206 3115 3243 ‚
3178 3151 3287 3224 sed

345 3270 475 3338 pro
532 3272 608 3320 ea
630 3257 679 3335 ,i
712 3275 913 3343 quam
954 3257 1039 3328 illi
1096 3282 1239 3350 prae
1292 3258 1521 3329 Veteri
1574 3256 1852 3332 Ecclesia
1903 3258 2251 3347 tribuunt,
2298 3255 2620 3328 libertate.

539 3445 621 3518 In
673 3449 803 3522 hoo
846 3473 1264 3548 quanquam,
1303 3454 1404 3527 uti
1455 3453 1643 3541 dixi,
1697 3450 1914 3546 aliqua
1981 3443 2275 3524 diffensio
2323 3443 2403 3520 sit
2431 3498 2455 3534 ‚
2550 3443 2675 3522 alia
2713 3461 2936 3523 tamen
2978 3450 3044 3523 δε
3094 3443 3288 3541 longe

342 3543 559 3633 major
614 3571 1093 3645 nonnunquam
1141 3553 1260 3626 effe
1312 3553 1595 3625 videtur.
1707 3552 1897 3646 Saepe
1954 3552 2133 3622 enirn
2190 3547 2272 3620 ad
2325 3544 2538 3618 nescio
2594 3567 2752 3638 quas
2816 3548 2901 3620 de
2954 3550 3074 3621 hac
3123 3570 3288 3618 voce

347 3645 594 3715 moralis
638 3652 1091 3723 contentiones
1145 3653 1504 3725 deflectitur
1563 3645 1913 3744 disputatio
1942 3700 1964 3735 ,
2011 3646 2129 3720 ubi
2197 3647 2265 3718 in
2313 3641 2782 3740 significatione
2858 3646 3050 3738 hujus
3096 3669 3292 3717 voca-

348 3735 483 3810 buli
536 3766 761 3835 neque
811 3769 1044 3820 omnes
1092 3753 1544 3835 conveniunt,
1591 3773 1806 3841 neque
1864 3749 2060 3819 iidem
2120 3741 2243 3818 sibi
2302 3742 2643 3819 constant:
2706 3765 2884 3815 nunc
2927 3745 3037 3816 illo
3094 3743 3291 3814 intel-

347 3835 661 3930 ligesstffiz
697 3846 879 3934 quod
922 3871 1004 3917 ex
1051 3846 1378 3941 ipsaDssl
1437 3869 1672 3920 natura
1723 3843 2183 3939 sanfflmteqhe
2240 3846 2332 3916 ita
2356 3844 2726 3915 derivatum
2766 3840 2858 3914 est
2877 3892 2904 3930 ‚
2965 3861 3046 3914 ut
3090 3841 3287 3915 Deus

346 3931 475 4026 ipse
514 3939 876 4031 quicquam
925 3943 1012 4016 ab
1060 3969 1142 4019 eo
1188 3944 1516 4023 diversum
1563 3948 1911 4038 praecipere
1972 3969 2111 4016 non
2156 3943 2446 4033 potuerit
2495 3967 2518 4022 3
2564 3963 2743 4014 nunc
2798 3940 2979 4035 quod
3028 3961 3112 4013 ex
3158 3964 3289 4010 no·-

342 4032 645 4107 tionibus
699 4039 993 4114 hornini'
1029 4063 1264 4119 natura
1315 4039 1517 4118 insitis
1569 4042 1905 4115 necessario
1959 4039 2344 4121 deducitur3
2400 4064 2574 4112 nunc
2629 4035 2808 4131 quod
2864 4089 2888 4126 ‚
2947 4040 3096 4112 licet
3152 4049 3291 4109 non

345 4128 500 4218 juris
560 4138 880 4208 naturalis
902 4191 926 4228 ,
977 4145 1279 4238 perpetui
1322 4162 1550 4224 tamen
1599 4139 1726 4224 ests
1787 4161 1967 4215 nunc
2012 4137 2294 4232 denique
2370 4136 2552 4234 quod
2603 4160 2873 4230 quoquo
2921 4136 3128 4212 modo
3203 4136 3292 4206 ad

350 4249 561 4309 mores
606 4233 969 4311 hominum
1015 4244 1335 4337 regendos
1394 4238 1695 4333 pertinet·

546 4425 651 4502 Ut
698 4429 996 4525 primum
1045 4460 1207 4512 vero
1277 4429 1571 4512 tenebrae
1638 4429 1829 4524 semel
1885 4427 2150 4519 obortae
2203 4427 2401 4515 sunt3
2451 4429 2538 4506 ad
2602 4429 2726 4503 alia
2778 4429 2908 4502 itur
2932 4479 2957 4518 ‚
3028 4439 3230 4511 atque
3277 4423 3306 4508 ἱ

358 4516 902 4603 iracalescentibus
944 4538 1179 4608 animis
1201 4584 1226 4620 ‚
1288 4532 1379 4608 ita
1434 4531 1829 4630 quandoque
1891 4533 2253 4626 disputatur
2274 4543 2329 4619 ‚‘
2361 4551 2437 4603 ac
2473 4528 2525 4602 fi
2582 4527 2778 4599 altera
2829 4549 3013 4618 pars>
3070 4536 3307 4621 omnes

348 4626 672 4720 praecepti
714 4632 934 4726 quarti
979 4635 1187 4731 apices
1230 4629 1388 4723 ,iuris
1434 4633 1735 4733 perpetui
1786 4630 1965 4808 effec,
2014 4631 2257 4824 {iceret
2279 4679 2305 4724 ‚
2349 4652 2425 4705 ac
2473 4622 2886 4715 sabbathum
2946 4608 3311 4786 Judmcuffi
