4188 5670
1204 343 2466 431 ExtsrssnrraDai.
2589 412 2606 423 χ
3160 347 3300 437 255

378 528 585 616 verit,
621 546 701 603 ut
756 544 957 601 nemo
1003 525 1357 599 hominum
1403 543 1628 596 totum
1665 522 1803 614 ejus
1855 522 2209 627 artificium
2261 543 2485 597 mente
2537 525 2885 620 complecti
2936 522 3148 599 adhuc
3188 550 3309 620 po-

369 630 614 712 tuerit,·
669 629 958 723 plerique
1007 650 1171 707 vero
1217 625 1570 698 hominum
1618 624 1744 695 hoc
1779 621 2134 697 artificium
2161 675 2185 711 ‚
2240 627 2382 698 imo
2435 627 2729 717 partium
2801 626 3006 698 etiam
3054 627 3305 719 ‘praeci-

369 744 657 819 puarum
714 723 1309 799 conformationem
1386 725 1451 794 ἃ
1491 721 1682 793 usum
1744 726 2000 816 penitus
2064 726 2390 816 ignorent.
2533 723 2730 797 Aliud
2812 725 3009 816 igitur
3059 747 3171 794 ens
3221 720 3305 797 fit

373 840 682 918 oportet,
741 850 952 917 quam
1001 823 1183 917 quod
1226 822 1312 893 ad
1350 820 1675 901 mundum
1715 819 1810 894 ita
1881 822 1944 895 se
1997 820 2238 895 haheat
2268 872 2292 908 ,
2348 841 2428 894 ut
2482 823 2702 895 anima
2741 822 3022 895 hominis
3072 821 3156 893 ad
3237 848 3307 897 e.

370 924 479 1017 ius
525 950 802 1018 corpus,
832 925 1042 1016 ,quod
1096 919 1177 994 fit
1222 922 1406 993 Deus
1428 973 1455 1007 ,
1494 921 1539 991 i.
1609 946 1667 992 e.
1736 923 1870 993 Ens
1907 921 2373 1016 independens,
2402 921 2582 1015 quod
2629 921 3020 1015 quaerimus.

540 1073 642 1147 'Si
692 1070 835 1164 quis
886 1066 1160 1141 tandem
1200 1065 1441 1138 diceret
1497 1115 1521 1151 ‚
1580 1088 1791 1157 neque
1863 1089 2098 1158 corpus
2147 1066 2346 1159 hujus
2396 1067 2626 1139 mundi
2666 1119 2690 1156 ‚
2750 1092 2963 1161 neque
3004 1066 3292 1139 animam

374 1172 556 1244 entia
599 1164 717 1244 effe
771 1166 1313 1260 independentia3
1366 1161 1475 1236 sed
1516 1183 1738 1236 totum
1783 1161 2225 1257 compositum
2274 1191 2358 1238 ex
2404 1167 2658 1238 mundo
2696 1170 2762 1239 &
2824 1169 2965 1259 ejus
3026 1166 3291 1247 anima3

375 1268 691 1342 statueret
736 1261 1280 1361 compositionem
1320 1263 1609 1354 partium
1648 1260 2051 1335 diversarum
2108 1263 2242 1337 fine
2301 1262 2487 1338 causa
2543 1288 3007 1362 componente.

575 1401 748 1474 Haec
799 1423 960 1470 vero
1000 1395 1052 1469 fi
1102 1396 1291 1468 alicui
1335 1401 1525 1472 nimis
1573 1398 1950 1474 viderentur
1992 1396 2248 1493 subtilia
2268 1450 2293 1487 ,
2329 1396 2458 1477 alio
2501 1407 2705 1476 modo
2736 1398 3300 1499 respondebimus.'

373 1503 447 1576 Si
494 1500 824 1572 mundum
869 1496 1295 1571 statueremus
1340 1497 1578 1570 animal
1624 1499 1878 1569 homini
1926 1497 2183 1581 ssmile3
2239 1525 2453 1596 neque
2489 1503 2705 1575 anima
2744 1505 2979 1576 mundi
3010 1555 3034 1591 ,
3079 1530 3296 1599 neque

373 1621 604 1673 totum
651 1592 1094 1690 compofitum
1136 1593 1285 1688 effer
1337 1595 1545 1670 cauffa
1591 1597 2141 1671 excellentissimae
2204 1599 2369 1670 illius
2413 1599 2651 1674 formae
2674 1654 2698 1690 ‚
2747 1627 2946 1696 quam
2983 1603 3054 1675 in
3104 1629 3300 1678 mun-

375 1701 470 1774 do
528 1697 974 1790 conspicimus.
1078 1695 1673 1785 Quemadmodum
1725 1720 1940 1789 neque
1982 1700 2202 1787 anima
2245 1699 2529 1771 hominis
2556 1751 2579 1786 ,
2622 1726 2835 1796 neque
2882 1722 3063 1775 totus
3091 1704 3303 1776 homo

378 1794 591 1872 cauffa
629 1796 719 1869 est
756 1793 997 1869 formae
1030 1797 1324 1886 corporis
1379 1794 1473 1869 sui
1499 1848 1524 1883 ,
1564 1797 1630 1865 &
1671 1796 1859 1867 mirae
1895 1797 2063 1868 illius
2092 1798 2514 1891 compaginis,
2547 1819 2787 1893 totque
2821 1798 3105 1894 partium
3135 1826 3302 1896 pene

378 1892 978 1970 innumerabilium.
1076 1894 1288 1981 Qod
1316 1891 1367 1964 fi
1411 1896 1609 1990 igitur
1652 1894 1800 1965 haec
1834 1891 2051 1966 forma
2092 1897 2132 1965 a
2157 1892 2364 1966 cauffa
2406 1896 2619 1989 aliqua
2648 1898 3016 1992 dependet3
3063 1897 3149 1971 ab
3179 1901 3303 1973 alia

380 1993 591 2069 cauffa
629 1994 952 2087 dependet
974 2044 1001 2080 ,
1058 2015 1261 2084 quam
1298 1993 1405 2065 vel
1449 1991 1537 2066 ab
1586 1992 1807 2063 anima
1848 1994 2080 2067 mundi
2124 2042 2150 2081 ‚
2229 2011 2344 2068 aut
2389 2018 2475 2067 ex
2520 1996 2739 2092 aliquo
2783 2047 2810 2086 ‚
2869 2019 2953 2073 ex
3024 2002 3304 2074 materia

378 2094 647 2185 mundi}
711 2097 775 2163 δι
811 2092 949 2180 ejus
999 2093 1218 2164 anima
1245 2144 1270 2180 ,
1324 2086 1719 2185 compofito.

576 2236 785 2321 Unde
829 2245 1096 2320 tandem
1139 2244 1472 2319 manifeste
1513 2243 1921 2321 concluditur
1942 2300 1969 2336 ,
2019 2253 2230 2324 Deum
2279 2245 2416 2322 five
2463 2254 2583 2322 Ens
2621 2250 3009 2346 independens
3041 2254 3316 2348 extstm‚'

382 2348 572 2444 quod
602 2371 811 2440 neque
849 2342 931 2417 sit
969 2344 1253 2418 mundus
1304 2345 1648 2458 materialis
1675 2393 1701 2430 ,
1742 2369 1957 2440 neque
1994 2347 2226 2420 mundi
2303 2349 2572 2436 anima,
2616 2347 2843 2446 fi-qua
2898 2353 3036 2444 ejus
3082 2351 3232 2425 effet
3279 2381 3309 2435 ς

343 2471 601 2622 ’ἔξω
645 2449 850 2520 etlam
869 2438 1322 2553 ,compositum
1372 2468 1458 2520 ex
1502 2465 1724 2517 amma
1768 2447 2005 2524 mundi
2059 2450 2128 2526 ἃ
2181 2467 2459 2545 corpore
2501 2496 2527 2535 ,
2584 2447 2640 2523 fi
2687 2452 2817 2524 tale
2872 2451 3312 2548 compofitum

505 2567 671 2633 etur.

1282 2850 2085 2945 CAPUT
2230 2857 2405 2944 11.

511 3049 891 3139 Probatur
944 3060 1082 3141 exi
1137 3064 1286 3141 enti
1286 3085 1339 3137 a
1400 3057 1561 3139 Dei
1600 3084 1715 3138 ex
1776 3060 2027 3143 ord-'ne
2050 3114 2076 3162 ‚
2124 3049 2253 3169 ‘qui
2294 3067 2376 3144 in
2433 3045 2690 3143 mundo
2737 3052 3205 3173 observatur-J

553 3289 965 3370 Romifimus
989 3345 1013 3381 ,
1062 3318 1183 3365 nos
1228 3289 1666 3386 probaturos,
1717 3295 2051 3367 mundum
2098 3291 2391 3369 formam
2413 3337 2435 3365 ‚
2488 3316 2693 3389 quam
2733 3290 2937 3367 habet
2957 3341 2984 3381 ‚
3036 3291 3177 3365 no‘n
3212 3288 3326 3362 ha:

624 3392 782 3467 bere
828 3391 866 3461 ἐι
912 3389 1025 3474 se,·
1078 3392 1145 3463 id
1187 3414 1363 3462 nunc
1414 3391 1883 3484 aggrediemur.
1952 3459 1961 3482 ,
2551 3425 2556 3431 ·

598 3494 753 3566 Hoc
799 3492 1090 3585 primum
1133 3486 1497 3584 probamus
1533 3512 1626 3558 ex
1674 3491 1901 3561 ordine
1952 3486 2243 3582 partium
2287 3488 2483 3578 hujus
2525 3486 2784 3559 mundi.
2868 3489 3156 3564 Ordinem
3204 3511 3325 3562 vo-

396 3616 627 3668 camus
694 3609 924 3665 certam
985 3587 1411 3681 dispositionem
1468 3583 1743 3678 panium
1799 3586 2142 3678 secundum
2195 3611 2469 3658 normam
2542 3588 2817 3684 aliquam
2884 3586 2978 3677 ἓξ
3027 3587 3319 3685 regalem&

396 3695 559 3768 Hoc
596 3711 768 3763 certe
822 3690 1033 3782 arguit
1071 3683 1346 3760 caussam
1372 3686 1682 3778 aliquam,
1714 3687 1777 3756 &
1808 3686 2071 3780 quidem
2100 3680 2375 3756 cauffam
2417 3685 2880 3777 intelligentem
2910 3740 2934 3776 ,
2982 3712 3134 3779 quae
3167 3712 3320 3759 nor-

396 3815 586 3866 mam
650 3785 769 3858 sibi
833 3812 1196 3879 proponere
1228 3838 1251 3872 ‚
1321 3787 1385 3858 &
1436 3781 1789 3862 secundum
1840 3785 2016 3856 illam
2071 3784 2310 3855 multas
2355 3806 2571 3878 partes
2623 3786 2792 3856 inter
2872 3785 2933 3861 {e
2984 3786 3321 3881 disponere

401 3895 470 3963 δι
520 3885 821 3962 ordinare
867 3881 1083 3979 poilit.
1194 3887 1296 3957 Ita
1340 3884 1483 3955 sane
1518 3908 1717 3956 nemo
1756 3881 1976 3978 aspicit
2019 3880 2492 3955 Bibliothecam
2546 3882 2831 3976 aliquam
2862 3929 2887 3972 ‚
2938 3889 3006 3958 in
3041 3881 3320 3981 -qua‘li-

400 3988 513 4062 bri
557 3982 916 4074 secundum
971 4001 1217 4055 certam
1262 3982 1545 4075 aliquam
1591 3983 1882 4077 regulam
1908 4033 1932 4069 ,
1982 4008 2046 4053 v.
2078 4008 2141 4076 g.
2194 4000 2312 4055 aut
2357 3980 2711 4055 secundum
2765 3988 3017 4058 variam
3067 3984 3319 4079 magni-

399 4086 704 4161 tudinem
731 4132 755 4169 ,
802 4100 878 4153 ut
921 4079 1274 4153 secundum
1323 4081 1672 4163 materiam,-
1718 4101 1834 4153 aut
1872 4079 2230 4153 secundum
2271 4102 2570 4175 tempora
2616 4133 2639 4170 ,
2716 4083 2785 4154 in
2817 4082 3056 4176 quibus
3104 4084 3322 4176 scripti

403 4183 558 4259 sunt
582 4234 608 4273 ‚
666 4200 783 4255 aut
819 4177 1172 4252 secundum
1209 4181 1503 4251 austores
1532 4228 1555 4265 ‚
1603 4199 1733 4250 aut·
1761 4180 1887 4250 alio
1930 4180 2148 4271 aliquo
2190 4180 2396 4252 modo
2433 4177 2563 4255 fint
2599 4176 2931 4274 dispositi,-
2988 4184 3148 4277 quin
3189 4180 3322 4253 sta-

404 4288 533 4358 tim
572 4282 818 4375 cogitet
843 4331 868 4365 ,
918 4276 1099 4374 fuisse
1151 4279 1457 4371 aliquem*
1482 4276 1737 4348 ratione
1790 4277 2146 4370 praeditum
2172 4328 2197 4363 ,
2249 4279 2362 4372 qui
2403 4279 2547 4351 haec
2575 4281 2663 4350 ita
2708 4277 3136 4373 disposuerit,
3165 4303 3321 4350 con·

405 4383 702 4477 junxerit
758 4403 911 4471 quae
950 4376 1097 4450 sunt
1140 4376 1429 4470 ejusdem
1480 4375 1730 4468 generis
1772 4425 1797 4463 ‚
1854 4376 2317 4468 magnitudinis
2376 4379 2493 4447 &o
2544 4378 2973 4468 heterogenea
3024 4374 3062 4444 ὲ
3111 4374 3174 4446 se
3221 4376 3321 4462 in..

407 4482 627 4555 vicem
680 4478 1080 4568 disjunxerit.
1171 4478 1273 4548 Ita
1305 4475 1602 4547 homines
1650 4474 1731 4544 de
1790 4472 2099 4545 omnibus
2135 4470 2332 4545 rebus
2385 4475 2679 4567 judicant
2723 4496 2806 4542 ex
2858 4472 3053 4542 variis
3119 4469 3319 4546 rebus

412 4574 857 4653 constantibus
886 4625 908 4659 ,
977 4578 1046 4647 in
1092 4598 1375 4667 quorum
1431 4567 1845 4667 dispositione
1907 4591 2151 4646 certam
2200 4574 2491 4667 aliquam
2537 4591 2848 4644 normam
2909 4563 3329 4644 observatam

410 4679 687 4764 vident,
729 4675 911 4768 quod
961 4674 1134 4745 mille
1181 4672 1497 4766 exemplis
1546 4670 1839 4744 illustrari
1874 4671 2105 4765 potest.
2461 4692 2473 4703 ·
3225 4671 3230 4674 ’

1928 4769 2306 4868 ἱΚιεα.
3123 4770 3339 4845 ·Ει
