<?xml version="1.0" encoding="UTF-8"?>
<!DOCTYPE html PUBLIC "-//W3C//DTD XHTML 1.0 Transitional//EN"
    "http://www.w3.org/TR/xhtml1/DTD/xhtml1-transitional.dtd">
<html xmlns="http://www.w3.org/1999/xhtml" xml:lang="en" lang="en">
 <head>
  <title>
</title>
<meta http-equiv="Content-Type" content="text/html;charset=utf-8" />
  <meta name='ocr-system' content='tesseract 3.04.00' />
  <meta name='ocr-capabilities' content='ocr_page ocr_carea ocr_par ocr_line ocrx_word'/>
</head>
<body>
  <div class='ocr_page' id='page_1' title='image "./opusculatheolog00weregoog/opusculatheolog00weregoog_0169.png"; bbox 0 0 4188 5670; ppageno 0'>
   <div class='ocr_carea' id='block_1_1' title="bbox 1215 281 3291 382">
    <p class='ocr_par' dir='ltr' id='par_1_1' title="bbox 1215 281 3291 382">
     <span class='ocr_line' id='line_1_1' title="bbox 1215 281 3291 382; baseline 0.001 -25"><span class='ocrx_word' id='word_1_1' title='bbox 1215 281 2066 361; x_wconf 45' lang='lat' dir='ltr'>³“&#39;D1Anoaum</span> <span class='ocrx_word' id='word_1_2' title='bbox 2509 325 2523 368; x_wconf 70' lang='lat' dir='ltr'><em>s</em></span> <span class='ocrx_word' id='word_1_3' title='bbox 3088 303 3291 382; x_wconf 56' lang='lat' dir='ltr'>¹ss:</span> 
     </span>
    </p>
   </div>
   <div class='ocr_carea' id='block_1_2' title="bbox 341 441 3305 760">
    <p class='ocr_par' dir='ltr' id='par_1_2' title="bbox 341 441 3305 760">
     <span class='ocr_line' id='line_1_2' title="bbox 343 441 3264 561; baseline -0.003 -12"><span class='ocrx_word' id='word_1_4' title='bbox 343 483 416 548; x_wconf 70' lang='lat' dir='ltr'>nt</span> <span class='ocrx_word' id='word_1_5' title='bbox 463 441 689 547; x_wconf 58' lang='lat' dir='ltr'>munia.</span> <span class='ocrx_word' id='word_1_6' title='bbox 749 458 875 542; x_wconf 82' lang='lat' dir='ltr'>Sed</span> <span class='ocrx_word' id='word_1_7' title='bbox 922 460 987 534; x_wconf 70' lang='grc' dir='ltr'>ἆ</span> <span class='ocrx_word' id='word_1_8' title='bbox 1040 460 1206 537; x_wconf 83' lang='lat' dir='ltr'>illud</span> <span class='ocrx_word' id='word_1_9' title='bbox 1256 461 1776 542; x_wconf 71' lang='lat' dir='ltr'>animadvertet-&#39;e</span> <span class='ocrx_word' id='word_1_10' title='bbox 1830 468 2136 561; x_wconf 79' lang='lat' dir='ltr'>poteras,</span> <span class='ocrx_word' id='word_1_11' title='bbox 2195 464 2495 538; x_wconf 82' lang='lat' dir='ltr'>convitiis</span> <span class='ocrx_word' id='word_1_12' title='bbox 2560 463 3053 557; x_wconf 81' lang='lat' dir='ltr'>Philosophiam.</span> <span class='ocrx_word' id='word_1_13' title='bbox 3079 464 3264 538; x_wconf 87' lang='lat' dir='ltr'>istam</span> 
     </span>
     <span class='ocr_line' id='line_1_3' title="bbox 341 555 3305 661; baseline -0.003 -18"><span class='ocrx_word' id='word_1_14' title='bbox 341 592 635 647; x_wconf 81' lang='lat' dir='ltr'>evertere</span> <span class='ocrx_word' id='word_1_15' title='bbox 685 583 955 645; x_wconf 79' lang='lat' dir='ltr'>conatos</span> <span class='ocrx_word' id='word_1_16' title='bbox 1013 560 1197 639; x_wconf 80' lang='lat' dir='ltr'>fuiffe</span> <span class='ocrx_word' id='word_1_17' title='bbox 1249 565 1566 661; x_wconf 82' lang='lat' dir='ltr'>plurimos</span> <span class='ocrx_word' id='word_1_18' title='bbox 1602 617 1626 654; x_wconf 91' lang='lat'>,</span> <span class='ocrx_word' id='word_1_19' title='bbox 1697 568 2030 641; x_wconf 82' lang='lat' dir='ltr'>neminem</span> <span class='ocrx_word' id='word_1_20' title='bbox 2083 563 2503 642; x_wconf 81' lang='lat' dir='ltr'>rationibus3</span> <span class='ocrx_word' id='word_1_21' title='bbox 2549 568 2739 658; x_wconf 88' lang='lat' dir='ltr'>plane</span> <span class='ocrx_word' id='word_1_22' title='bbox 2787 581 2866 634; x_wconf 85' lang='lat' dir='ltr'>ut</span> <span class='ocrx_word' id='word_1_23' title='bbox 2919 564 3078 636; x_wconf 86' lang='lat' dir='ltr'>mihi</span> <span class='ocrx_word' id='word_1_24' title='bbox 3125 555 3305 655; x_wconf 62' lang='lat' dir='ltr'>jam&#39;</span> 
     </span>
     <span class='ocr_line' id='line_1_4' title="bbox 343 660 3274 760; baseline -0.003 -14"><span class='ocrx_word' id='word_1_25' title='bbox 343 670 454 745; x_wconf 76' lang='lat' dir='ltr'>din</span> <span class='ocrx_word' id='word_1_26' title='bbox 511 672 665 746; x_wconf 80' lang='lat' dir='ltr'>haec</span> <span class='ocrx_word' id='word_1_27' title='bbox 701 673 827 748; x_wconf 78' lang='lat' dir='ltr'>stet</span> <span class='ocrx_word' id='word_1_28' title='bbox 867 662 1220 752; x_wconf 75' lang='lat' dir='ltr'>sententia,</span> <span class='ocrx_word' id='word_1_29' title='bbox 1264 689 1405 740; x_wconf 90' lang='lat' dir='ltr'>non</span> <span class='ocrx_word' id='word_1_30' title='bbox 1437 663 1558 739; x_wconf 82' lang='lat' dir='ltr'>nifi</span> <span class='ocrx_word' id='word_1_31' title='bbox 1586 666 1924 741; x_wconf 82' lang='lat' dir='ltr'>calumniis</span> <span class='ocrx_word' id='word_1_32' title='bbox 1974 691 2125 741; x_wconf 86' lang='lat' dir='ltr'>eam</span> <span class='ocrx_word' id='word_1_33' title='bbox 2166 664 2390 760; x_wconf 80' lang='lat' dir='ltr'>impeti</span> <span class='ocrx_word' id='word_1_34' title='bbox 2424 663 2645 755; x_wconf 76' lang='lat' dir='ltr'>poffe:</span> <span class='ocrx_word' id='word_1_35' title='bbox 2696 660 2820 739; x_wconf 75' lang='lat' dir='ltr'>Sed</span> <span class='ocrx_word' id='word_1_36' title='bbox 2857 662 3017 754; x_wconf 87' lang='lat' dir='ltr'>quid</span> <span class='ocrx_word' id='word_1_37' title='bbox 3058 686 3211 758; x_wconf 83' lang='lat' dir='ltr'>agas</span> <span class='ocrx_word' id='word_1_38' title='bbox 3238 664 3274 738; x_wconf 70' lang='grc' dir='ltr'><em>ἲ</em></span> 
     </span>
    </p>
   </div>
   <div class='ocr_carea' id='block_1_3' title="bbox 826 817 3621 1122">
    <p class='ocr_par' dir='ltr' id='par_1_3' title="bbox 826 817 3621 1122">
     <span class='ocr_line' id='line_1_5' title="bbox 849 817 3621 926; baseline 0 -29"><span class='ocrx_word' id='word_1_39' title='bbox 849 915 860 922; x_wconf 86' lang='lat'><em>-</em></span> <span class='ocrx_word' id='word_1_40' title='bbox 911 817 1153 900; x_wconf 73' lang='lat' dir='ltr'>Baccha</span> <span class='ocrx_word' id='word_1_41' title='bbox 1206 821 1519 900; x_wconf 55' lang='lat' dir='ltr'>bacchanti</span> <span class='ocrx_word' id='word_1_42' title='bbox 1535 874 1560 910; x_wconf 86' lang='lat'>‚</span> <span class='ocrx_word' id='word_1_43' title='bbox 1588 822 1654 916; x_wconf 83' lang='lat' dir='ltr'>si</span> <span class='ocrx_word' id='word_1_44' title='bbox 1699 824 1852 899; x_wconf 85' lang='lat' dir='ltr'>velis</span> <span class='ocrx_word' id='word_1_45' title='bbox 1902 822 2320 917; x_wconf 74' lang='lat' dir='ltr'>advorsarier,</span> <span class='ocrx_word' id='word_1_46' title='bbox 3324 859 3501 926; x_wconf 81' lang='lat' dir='ltr'>Plaut.</span> <span class='ocrx_word' id='word_1_47' title='bbox 3557 863 3621 923; x_wconf 69' lang='lat'>3„</span> 
     </span>
     <span class='ocr_line' id='line_1_6' title="bbox 827 923 3605 1025; baseline 0.003 -30"><span class='ocrx_word' id='word_1_48' title='bbox 827 928 925 995; x_wconf 82' lang='lat' dir='ltr'>Ex</span> <span class='ocrx_word' id='word_1_49' title='bbox 969 923 1180 1019; x_wconf 76' lang='lat' dir='ltr'>insana</span> <span class='ocrx_word' id='word_1_50' title='bbox 1226 925 1579 1017; x_wconf 81' lang='lat' dir='ltr'>insaniorem</span> <span class='ocrx_word' id='word_1_51' title='bbox 1609 925 1806 1018; x_wconf 82' lang='lat' dir='ltr'>facies</span> <span class='ocrx_word' id='word_1_52' title='bbox 1821 975 1846 1011; x_wconf 92' lang='lat'>,</span> <span class='ocrx_word' id='word_1_53' title='bbox 1876 923 2067 1015; x_wconf 81' lang='lat' dir='ltr'>feriet</span> <span class='ocrx_word' id='word_1_54' title='bbox 2101 923 2364 1016; x_wconf 70' lang='lat' dir='ltr'>sapius:</span> <span class='ocrx_word' id='word_1_55' title='bbox 3294 943 3605 1025; x_wconf 65' lang='lat' dir='ltr'>&#39;Amphion</span> 
     </span>
     <span class='ocr_line' id='line_1_7' title="bbox 826 1019 3297 1122; baseline -0.005 -23"><span class='ocrx_word' id='word_1_56' title='bbox 826 1029 899 1099; x_wconf 82' lang='lat' dir='ltr'>Si</span> <span class='ocrx_word' id='word_1_57' title='bbox 946 1021 1267 1122; x_wconf 67' lang='lat' dir='ltr'>obsequen-e</span> <span class='ocrx_word' id='word_1_58' title='bbox 1292 1075 1316 1111; x_wconf 89' lang='lat'>,</span> <span class='ocrx_word' id='word_1_59' title='bbox 1364 1050 1492 1098; x_wconf 83' lang='lat' dir='ltr'>una</span> <span class='ocrx_word' id='word_1_60' title='bbox 1539 1019 1803 1114; x_wconf 78' lang='lat' dir='ltr'><em>resolvas</em></span> <span class='ocrx_word' id='word_1_61' title='bbox 1820 1023 2015 1118; x_wconf 81' lang='lat' dir='ltr'><em>plaga.</em></span> <span class='ocrx_word' id='word_1_62' title='bbox 3292 1047 3297 1054; x_wconf 91' lang='lat'><strong>·</strong></span> 
     </span>
    </p>
   </div>
   <div class='ocr_carea' id='block_1_4' title="bbox 339 1170 3320 3443">
    <p class='ocr_par' dir='ltr' id='par_1_4' title="bbox 339 1170 3320 3247">
     <span class='ocr_line' id='line_1_8' title="bbox 544 1170 3288 1275; baseline -0.003 -21"><span class='ocrx_word' id='word_1_63' title='bbox 544 1170 880 1267; x_wconf 79' lang='lat' dir='ltr'>Videbam</span> <span class='ocrx_word' id='word_1_64' title='bbox 915 1197 1271 1270; x_wconf 85' lang='lat' dir='ltr'>utrumque</span> <span class='ocrx_word' id='word_1_65' title='bbox 1313 1173 1502 1249; x_wconf 88' lang='lat' dir='ltr'>solito</span> <span class='ocrx_word' id='word_1_66' title='bbox 1528 1181 2038 1260; x_wconf 74' lang='lat' dir='ltr'>commotiorem</span> <span class='ocrx_word' id='word_1_67' title='bbox 2097 1177 2216 1254; x_wconf 66' lang='lat' dir='ltr'>eil-“e</span> <span class='ocrx_word' id='word_1_68' title='bbox 2247 1223 2271 1267; x_wconf 76' lang='lat'>,</span> <span class='ocrx_word' id='word_1_69' title='bbox 2326 1173 2417 1252; x_wconf 79' lang='lat' dir='ltr'>est</span> <span class='ocrx_word' id='word_1_70' title='bbox 2442 1182 2637 1252; x_wconf 47' lang='lat' dir='ltr'>*enim</span> <span class='ocrx_word' id='word_1_71' title='bbox 2683 1200 2960 1275; x_wconf 87' lang='lat' dir='ltr'>uterque</span> <span class='ocrx_word' id='word_1_72' title='bbox 2994 1171 3288 1253; x_wconf 85' lang='lat' dir='ltr'>Philoso-</span> 
     </span>
     <span class='ocr_line' id='line_1_9' title="bbox 344 1269 3293 1377; baseline -0.003 -23"><span class='ocrx_word' id='word_1_73' title='bbox 344 1282 530 1377; x_wconf 75' lang='lat' dir='ltr'>phiae</span> <span class='ocrx_word' id='word_1_74' title='bbox 569 1273 968 1356; x_wconf 80' lang='lat' dir='ltr'>Cartefianae</span> <span class='ocrx_word' id='word_1_75' title='bbox 1012 1269 1496 1347; x_wconf 72' lang='lat' dir='ltr'>addiffiffiinus.</span> <span class='ocrx_word' id='word_1_76' title='bbox 1580 1280 1805 1366; x_wconf 67' lang='lat' dir='ltr'>Quare</span> <span class='ocrx_word' id='word_1_77' title='bbox 1851 1303 2010 1370; x_wconf 85' lang='lat' dir='ltr'>ego,</span> <span class='ocrx_word' id='word_1_78' title='bbox 2071 1304 2192 1350; x_wconf 84' lang='lat' dir='ltr'>vos</span> <span class='ocrx_word' id='word_1_79' title='bbox 2232 1303 2390 1350; x_wconf 84' lang='lat' dir='ltr'>vero</span> <span class='ocrx_word' id='word_1_80' title='bbox 2435 1329 2458 1364; x_wconf 88' lang='lat'>‚</span> <span class='ocrx_word' id='word_1_81' title='bbox 2503 1280 2774 1372; x_wconf 84' lang='lat' dir='ltr'>inquam</span> <span class='ocrx_word' id='word_1_82' title='bbox 2802 1329 2823 1363; x_wconf 91' lang='lat'>,</span> <span class='ocrx_word' id='word_1_83' title='bbox 2877 1280 2994 1350; x_wconf 81' lang='lat' dir='ltr'>vix</span> <span class='ocrx_word' id='word_1_84' title='bbox 3026 1277 3293 1350; x_wconf 81' lang='lat' dir='ltr'>tandem</span> 
     </span>
     <span class='ocr_line' id='line_1_10' title="bbox 347 1370 3293 1468; baseline -0.004 -14"><span class='ocrx_word' id='word_1_85' title='bbox 347 1384 525 1454; x_wconf 85' lang='lat' dir='ltr'>intra</span> <span class='ocrx_word' id='word_1_86' title='bbox 574 1374 910 1450; x_wconf 83' lang='lat' dir='ltr'>modestiae</span> <span class='ocrx_word' id='word_1_87' title='bbox 972 1373 1214 1445; x_wconf 80' lang='lat' dir='ltr'>limites</span> <span class='ocrx_word' id='word_1_88' title='bbox 1251 1373 1369 1445; x_wconf 84' lang='lat' dir='ltr'>irae</span> <span class='ocrx_word' id='word_1_89' title='bbox 1405 1376 1732 1468; x_wconf 86' lang='lat' dir='ltr'>impetum</span> <span class='ocrx_word' id='word_1_90' title='bbox 1765 1376 2184 1450; x_wconf 80' lang='lat' dir='ltr'>continebitis</span> <span class='ocrx_word' id='word_1_91' title='bbox 2210 1427 2231 1461; x_wconf 88' lang='lat'>,</span> <span class='ocrx_word' id='word_1_92' title='bbox 2290 1374 2408 1449; x_wconf 85' lang='lat' dir='ltr'>nifi</span> <span class='ocrx_word' id='word_1_93' title='bbox 2451 1378 2715 1451; x_wconf 78' lang='lat' dir='ltr'>mature·</span> <span class='ocrx_word' id='word_1_94' title='bbox 2742 1376 3110 1448; x_wconf 86' lang='lat' dir='ltr'>sermonem</span> <span class='ocrx_word' id='word_1_95' title='bbox 3150 1370 3293 1446; x_wconf 83' lang='lat' dir='ltr'>ves·</span> 
     </span>
     <span class='ocr_line' id='line_1_11' title="bbox 343 1470 3299 1571; baseline -0.003 -20"><span class='ocrx_word' id='word_1_96' title='bbox 343 1499 537 1552; x_wconf 82' lang='lat' dir='ltr'>trum</span> <span class='ocrx_word' id='word_1_97' title='bbox 578 1478 1072 1571; x_wconf 75' lang='lat' dir='ltr'>interrumpam.</span> <span class='ocrx_word' id='word_1_98' title='bbox 1173 1470 1536 1564; x_wconf 81' lang='lat' dir='ltr'>Equidem,</span> <span class='ocrx_word' id='word_1_99' title='bbox 1587 1471 1844 1568; x_wconf 78' lang='lat' dir='ltr'>tametsi</span> <span class='ocrx_word' id='word_1_100' title='bbox 1890 1500 2156 1563; x_wconf 71' lang='lat' dir='ltr'>omneS,</span> <span class='ocrx_word' id='word_1_101' title='bbox 2222 1497 2300 1546; x_wconf 88' lang='lat' dir='ltr'>ut</span> <span class='ocrx_word' id='word_1_102' title='bbox 2347 1475 2662 1567; x_wconf 80' lang='lat' dir='ltr'>sapienter</span> <span class='ocrx_word' id='word_1_103' title='bbox 2722 1474 3091 1548; x_wconf 82' lang='lat' dir='ltr'>Paterculus</span> <span class='ocrx_word' id='word_1_104' title='bbox 3115 1523 3139 1559; x_wconf 92' lang='lat'>,</span> <span class='ocrx_word' id='word_1_105' title='bbox 3189 1497 3299 1543; x_wconf 81' lang='lat' dir='ltr'>na-</span> 
     </span>
     <span class='ocr_line' id='line_1_12' title="bbox 347 1561 3299 1669; baseline -0.003 -20"><span class='ocrx_word' id='word_1_106' title='bbox 347 1579 648 1650; x_wconf 75' lang='lat' dir='ltr'>turaliter</span> <span class='ocrx_word' id='word_1_107' title='bbox 690 1572 910 1646; x_wconf 82' lang='lat' dir='ltr'>audita</span> <span class='ocrx_word' id='word_1_108' title='bbox 957 1566 1101 1658; x_wconf 77' lang='lat' dir='ltr'>vifis</span> <span class='ocrx_word' id='word_1_109' title='bbox 1135 1564 1454 1642; x_wconf 79' lang='lat' dir='ltr'>laudemus</span> <span class='ocrx_word' id='word_1_110' title='bbox 1490 1569 1800 1644; x_wconf 70' lang='lat' dir='ltr'>lubentius·</span> <span class='ocrx_word' id='word_1_111' title='bbox 1818 1624 1841 1659; x_wconf 90' lang='lat'>,</span> <span class='ocrx_word' id='word_1_112' title='bbox 1896 1561 1990 1659; x_wconf 64' lang='lat'>&amp;⁵</span> <span class='ocrx_word' id='word_1_113' title='bbox 2011 1574 2324 1666; x_wconf 70' lang='lat' dir='ltr'>praefintia</span> <span class='ocrx_word' id='word_1_114' title='bbox 2364 1574 2601 1647; x_wconf 72' lang='lat' dir='ltr'>invidia</span> <span class='ocrx_word' id='word_1_115' title='bbox 2619 1625 2643 1662; x_wconf 90' lang='lat'>,</span> <span class='ocrx_word' id='word_1_116' title='bbox 2688 1581 2995 1669; x_wconf 57' lang='lat' dir='ltr'>praeterita</span> <span class='ocrx_word' id='word_1_117' title='bbox 3051 1596 3299 1644; x_wconf 79' lang='lat' dir='ltr'>venera-</span> 
     </span>
     <span class='ocr_line' id='line_1_13' title="bbox 356 1665 3305 1772; baseline -0.003 -27"><span class='ocrx_word' id='word_1_118' title='bbox 356 1684 525 1751; x_wconf 75' lang='lat' dir='ltr'>tione</span> <span class='ocrx_word' id='word_1_119' title='bbox 574 1671 1002 1772; x_wconf 77' lang='lat' dir='ltr'>prosequamur</span> <span class='ocrx_word' id='word_1_120' title='bbox 1023 1719 1048 1755; x_wconf 92' lang='lat'>,</span> <span class='ocrx_word' id='word_1_121' title='bbox 1104 1665 1196 1755; x_wconf 58' lang='grc' dir='ltr'>ἓξ</span> <span class='ocrx_word' id='word_1_122' title='bbox 1239 1668 1329 1739; x_wconf 82' lang='lat' dir='ltr'>his</span> <span class='ocrx_word' id='word_1_123' title='bbox 1377 1695 1481 1742; x_wconf 88' lang='lat' dir='ltr'>nos</span> <span class='ocrx_word' id='word_1_124' title='bbox 1524 1674 1740 1764; x_wconf 81' lang='lat' dir='ltr'>instrui</span> <span class='ocrx_word' id='word_1_125' title='bbox 1766 1721 1789 1757; x_wconf 93' lang='lat'>,</span> <span class='ocrx_word' id='word_1_126' title='bbox 1839 1673 1953 1744; x_wconf 84' lang='lat' dir='ltr'>iLlis</span> <span class='ocrx_word' id='word_1_127' title='bbox 1995 1671 2174 1745; x_wconf 82' lang='lat' dir='ltr'>obrui</span> <span class='ocrx_word' id='word_1_128' title='bbox 2207 1668 2525 1744; x_wconf 79' lang='lat' dir='ltr'>credamus</span> <span class='ocrx_word' id='word_1_129' title='bbox 2546 1725 2570 1759; x_wconf 91' lang='lat'>,</span> <span class='ocrx_word' id='word_1_130' title='bbox 2631 1691 2849 1745; x_wconf 85' lang='lat' dir='ltr'>tamen</span> <span class='ocrx_word' id='word_1_131' title='bbox 2906 1693 3043 1744; x_wconf 90' lang='lat' dir='ltr'>non</span> <span class='ocrx_word' id='word_1_132' title='bbox 3096 1668 3305 1762; x_wconf 83' lang='lat' dir='ltr'>usque</span> 
     </span>
     <span class='ocr_line' id='line_1_14' title="bbox 353 1763 3297 1859; baseline -0.003 -12"><span class='ocrx_word' id='word_1_133' title='bbox 353 1801 442 1848; x_wconf 87' lang='lat' dir='ltr'>eo</span> <span class='ocrx_word' id='word_1_134' title='bbox 483 1773 748 1845; x_wconf 84' lang='lat' dir='ltr'>invidus</span> <span class='ocrx_word' id='word_1_135' title='bbox 780 1768 924 1840; x_wconf 89' lang='lat' dir='ltr'>sum</span> <span class='ocrx_word' id='word_1_136' title='bbox 951 1812 970 1839; x_wconf 76' lang='grc'><strong><em>,</em></strong></span> <span class='ocrx_word' id='word_1_137' title='bbox 1005 1768 1168 1859; x_wconf 90' lang='lat' dir='ltr'>quin</span> <span class='ocrx_word' id='word_1_138' title='bbox 1207 1763 1511 1840; x_wconf 80' lang='lat' dir='ltr'>lubenter</span> <span class='ocrx_word' id='word_1_139' title='bbox 1567 1794 1690 1841; x_wconf 83' lang='lat' dir='ltr'>vos</span> <span class='ocrx_word' id='word_1_140' title='bbox 1730 1769 1994 1843; x_wconf 88' lang='lat' dir='ltr'>laudare</span> <span class='ocrx_word' id='word_1_141' title='bbox 2038 1772 2302 1843; x_wconf 83' lang='lat' dir='ltr'>audiam</span> <span class='ocrx_word' id='word_1_142' title='bbox 2350 1768 2717 1844; x_wconf 85' lang='lat' dir='ltr'>Cartesium</span> <span class='ocrx_word' id='word_1_143' title='bbox 2758 1770 3045 1842; x_wconf 86' lang='lat' dir='ltr'>vestrum</span> <span class='ocrx_word' id='word_1_144' title='bbox 3073 1820 3095 1855; x_wconf 89' lang='lat'>,</span> <span class='ocrx_word' id='word_1_145' title='bbox 3146 1768 3297 1852; x_wconf 84' lang='lat' dir='ltr'>cui,</span> 
     </span>
     <span class='ocr_line' id='line_1_15' title="bbox 346 1863 3299 1963; baseline -0.003 -17"><span class='ocrx_word' id='word_1_146' title='bbox 346 1871 612 1957; x_wconf 84' lang='lat' dir='ltr'>fateor,</span> <span class='ocrx_word' id='word_1_147' title='bbox 662 1866 714 1941; x_wconf 87' lang='lat' dir='ltr'>fi</span> <span class='ocrx_word' id='word_1_148' title='bbox 764 1863 972 1939; x_wconf 84' lang='lat' dir='ltr'>secula</span> <span class='ocrx_word' id='word_1_149' title='bbox 1026 1889 1254 1958; x_wconf 85' lang='lat' dir='ltr'>parem</span> <span class='ocrx_word' id='word_1_150' title='bbox 1297 1864 1667 1940; x_wconf 85' lang='lat' dir='ltr'>habuerunt</span> <span class='ocrx_word' id='word_1_151' title='bbox 1705 1867 2177 1963; x_wconf 84' lang='lat' dir='ltr'>Philosophum</span> <span class='ocrx_word' id='word_1_152' title='bbox 2203 1917 2221 1946; x_wconf 85' lang='lat'><strong><em>‚</em></strong></span> <span class='ocrx_word' id='word_1_153' title='bbox 2270 1865 2661 1963; x_wconf 87' lang='lat' dir='ltr'>superiorem</span> <span class='ocrx_word' id='word_1_154' title='bbox 2707 1869 2875 1942; x_wconf 71' lang='lat' dir='ltr'>certe</span> <span class='ocrx_word' id='word_1_155' title='bbox 2903 1870 3018 1940; x_wconf 79' lang='lat' dir='ltr'>vix</span> <span class='ocrx_word' id='word_1_156' title='bbox 3050 1865 3299 1940; x_wconf 86' lang='lat' dir='ltr'>habue-</span> 
     </span>
     <span class='ocr_line' id='line_1_16' title="bbox 348 1961 3311 2064; baseline -0.003 -20"><span class='ocrx_word' id='word_1_157' title='bbox 348 1992 544 2044; x_wconf 84' lang='lat' dir='ltr'>runt.</span> <span class='ocrx_word' id='word_1_158' title='bbox 609 1967 754 2040; x_wconf 78' lang='lat' dir='ltr'>‘Sed</span> <span class='ocrx_word' id='word_1_159' title='bbox 805 1964 1067 2049; x_wconf 86' lang='lat' dir='ltr'>videte,</span> <span class='ocrx_word' id='word_1_160' title='bbox 1128 1987 1210 2034; x_wconf 88' lang='lat' dir='ltr'>ne</span> <span class='ocrx_word' id='word_1_161' title='bbox 1236 2013 1260 2049; x_wconf 88' lang='lat'>,</span> <span class='ocrx_word' id='word_1_162' title='bbox 1331 1984 1409 2036; x_wconf 87' lang='lat' dir='ltr'>ut</span> <span class='ocrx_word' id='word_1_163' title='bbox 1447 1966 1535 2036; x_wconf 89' lang='lat' dir='ltr'>illi</span> <span class='ocrx_word' id='word_1_164' title='bbox 1604 1967 2121 2061; x_wconf 76' lang='lat' dir='ltr'>pulcherrimum</span> <span class='ocrx_word' id='word_1_165' title='bbox 2169 1963 2295 2040; x_wconf 69' lang='lat' dir='ltr'>finit</span> <span class='ocrx_word' id='word_1_166' title='bbox 2353 1968 2632 2064; x_wconf 84' lang='lat' dir='ltr'>plurima</span> <span class='ocrx_word' id='word_1_167' title='bbox 2684 1966 2898 2061; x_wconf 77' lang='lat' dir='ltr'>priscis</span> <span class='ocrx_word' id='word_1_168' title='bbox 2940 1990 3073 2038; x_wconf 87' lang='lat' dir='ltr'>non</span> <span class='ocrx_word' id='word_1_169' title='bbox 3112 1961 3311 2048; x_wconf 70' lang='lat' dir='ltr'>visa,</span> 
     </span>
     <span class='ocr_line' id='line_1_17' title="bbox 351 2061 3301 2163; baseline -0.003 -22"><span class='ocrx_word' id='word_1_170' title='bbox 351 2066 682 2163; x_wconf 79' lang='lat' dir='ltr'>quaedam</span> <span class='ocrx_word' id='word_1_171' title='bbox 739 2063 936 2134; x_wconf 86' lang='lat' dir='ltr'>etiam</span> <span class='ocrx_word' id='word_1_172' title='bbox 1009 2075 1239 2133; x_wconf 76' lang='lat' dir='ltr'>eorum</span> <span class='ocrx_word' id='word_1_173' title='bbox 1300 2080 1559 2148; x_wconf 85' lang='lat' dir='ltr'>errata,</span> <span class='ocrx_word' id='word_1_174' title='bbox 1611 2066 1912 2160; x_wconf 85' lang='lat' dir='ltr'>detegere</span> <span class='ocrx_word' id='word_1_175' title='bbox 1931 2097 1957 2150; x_wconf 84' lang='lat'>,-</span> <span class='ocrx_word' id='word_1_176' title='bbox 2031 2070 2123 2139; x_wconf 81' lang='lat' dir='ltr'>ita</span> <span class='ocrx_word' id='word_1_177' title='bbox 2175 2063 2367 2138; x_wconf 84' lang='lat' dir='ltr'>vobis</span> <span class='ocrx_word' id='word_1_178' title='bbox 2432 2061 2873 2159; x_wconf 81' lang='lat' dir='ltr'>turpiffimum</span> <span class='ocrx_word' id='word_1_179' title='bbox 2942 2061 3025 2136; x_wconf 84' lang='lat' dir='ltr'>fit</span> <span class='ocrx_word' id='word_1_180' title='bbox 3052 2087 3109 2150; x_wconf 88' lang='lat'>,·</span> <span class='ocrx_word' id='word_1_181' title='bbox 3156 2063 3301 2152; x_wconf 59' lang='lat' dir='ltr'>ejuff</span> 
     </span>
     <span class='ocr_line' id='line_1_18' title="bbox 353 2156 3307 2259; baseline -0.001 -23"><span class='ocrx_word' id='word_1_182' title='bbox 353 2169 564 2242; x_wconf 83' lang='lat' dir='ltr'>unius</span> <span class='ocrx_word' id='word_1_183' title='bbox 619 2156 831 2235; x_wconf 79' lang='lat' dir='ltr'>effatis</span> <span class='ocrx_word' id='word_1_184' title='bbox 856 2212 881 2248; x_wconf 94' lang='lat'>,</span> <span class='ocrx_word' id='word_1_185' title='bbox 947 2177 1260 2253; x_wconf 76' lang='lat' dir='ltr'>tanquam</span> <span class='ocrx_word' id='word_1_186' title='bbox 1332 2164 1643 2250; x_wconf 72' lang='lat' dir='ltr'>oraculiS,</span> <span class='ocrx_word' id='word_1_187' title='bbox 1701 2163 2119 2258; x_wconf 77' lang='lat' dir='ltr'>acquiescere.</span> <span class='ocrx_word' id='word_1_188' title='bbox 2215 2165 2412 2239; x_wconf 80' lang='lat' dir='ltr'>Plane</span> <span class='ocrx_word' id='word_1_189' title='bbox 2470 2167 2644 2237; x_wconf 83' lang='lat' dir='ltr'>enim</span> <span class='ocrx_word' id='word_1_190' title='bbox 2717 2165 2915 2259; x_wconf 85' lang='lat' dir='ltr'>paulo</span> <span class='ocrx_word' id='word_1_191' title='bbox 2986 2159 3307 2234; x_wconf 74' lang='lat' dir='ltr'>fervidius*</span> 
     </span>
     <span class='ocr_line' id='line_1_19' title="bbox 339 2254 3305 2360; baseline -0.002 -24"><span class='ocrx_word' id='word_1_192' title='bbox 339 2266 525 2348; x_wconf 74' lang='lat' dir='ltr'>mihi</span> <span class='ocrx_word' id='word_1_193' title='bbox 565 2262 880 2334; x_wconf 85' lang='lat' dir='ltr'>videmini</span> <span class='ocrx_word' id='word_1_194' title='bbox 907 2254 1348 2356; x_wconf 65' lang='lat' dir='ltr'>defensionem</span> <span class='ocrx_word' id='word_1_195' title='bbox 1380 2259 1647 2335; x_wconf 82' lang='lat' dir='ltr'>Cartesii</span> <span class='ocrx_word' id='word_1_196' title='bbox 1687 2257 2049 2357; x_wconf 74' lang='lat' dir='ltr'>suscepisse,</span> <span class='ocrx_word' id='word_1_197' title='bbox 2097 2289 2298 2360; x_wconf 84' lang='lat' dir='ltr'>quam</span> <span class='ocrx_word' id='word_1_198' title='bbox 2322 2259 2721 2357; x_wconf 84' lang='lat' dir='ltr'>Philosophis</span> <span class='ocrx_word' id='word_1_199' title='bbox 2755 2262 3106 2335; x_wconf 83' lang='lat' dir='ltr'>moderatis</span> <span class='ocrx_word' id='word_1_200' title='bbox 3144 2257 3305 2331; x_wconf 77' lang='lat' dir='ltr'>con-³</span> 
     </span>
     <span class='ocr_line' id='line_1_20' title="bbox 348 2355 3303 2455; baseline -0.002 -19"><span class='ocrx_word' id='word_1_201' title='bbox 348 2366 562 2437; x_wconf 81' lang='lat' dir='ltr'>venit.</span> <span class='ocrx_word' id='word_1_202' title='bbox 602 2363 813 2434; x_wconf 82' lang='lat' dir='ltr'>Mitto·</span> <span class='ocrx_word' id='word_1_203' title='bbox 836 2359 989 2429; x_wconf 87' lang='lat' dir='ltr'>alia:</span> <span class='ocrx_word' id='word_1_204' title='bbox 1014 2358 1156 2451; x_wconf 81' lang='lat' dir='ltr'>quis</span> <span class='ocrx_word' id='word_1_205' title='bbox 1177 2355 1341 2429; x_wconf 89' lang='lat' dir='ltr'>feret</span> <span class='ocrx_word' id='word_1_206' title='bbox 1366 2409 1390 2445; x_wconf 88' lang='lat'>,</span> <span class='ocrx_word' id='word_1_207' title='bbox 1426 2360 1607 2453; x_wconf 89' lang='lat' dir='ltr'>quod</span> <span class='ocrx_word' id='word_1_208' title='bbox 1629 2380 1732 2450; x_wconf 84' lang='lat' dir='ltr'>tu,</span> <span class='ocrx_word' id='word_1_209' title='bbox 1760 2359 2202 2455; x_wconf 69' lang='lat' dir='ltr'>PolymatheS,</span> <span class='ocrx_word' id='word_1_210' title='bbox 2237 2361 2381 2435; x_wconf 87' lang='lat' dir='ltr'>satis</span> <span class='ocrx_word' id='word_1_211' title='bbox 2408 2360 2811 2435; x_wconf 86' lang='lat' dir='ltr'>confidenter</span> <span class='ocrx_word' id='word_1_212' title='bbox 2844 2360 3000 2432; x_wconf 90' lang='lat' dir='ltr'>illud</span> <span class='ocrx_word' id='word_1_213' title='bbox 3034 2360 3303 2452; x_wconf 84' lang='lat' dir='ltr'>quidem</span> 
     </span>
     <span class='ocr_line' id='line_1_21' title="bbox 357 2455 3310 2556; baseline -0.003 -21"><span class='ocrx_word' id='word_1_214' title='bbox 357 2458 653 2538; x_wconf 83' lang='lat' dir='ltr'>affirmas</span> <span class='ocrx_word' id='word_1_215' title='bbox 681 2512 706 2548; x_wconf 88' lang='lat'><em>‚</em></span> <span class='ocrx_word' id='word_1_216' title='bbox 773 2455 1256 2550; x_wconf 85' lang='lat' dir='ltr'>Philosophiam</span> <span class='ocrx_word' id='word_1_217' title='bbox 1300 2457 1473 2530; x_wconf 88' lang='lat' dir='ltr'>hanc</span> <span class='ocrx_word' id='word_1_218' title='bbox 1525 2486 1667 2532; x_wconf 90' lang='lat' dir='ltr'>non</span> <span class='ocrx_word' id='word_1_219' title='bbox 1716 2458 1837 2535; x_wconf 82' lang='lat' dir='ltr'>nisi</span> <span class='ocrx_word' id='word_1_220' title='bbox 1891 2465 2193 2536; x_wconf 86' lang='lat' dir='ltr'>convitiis</span> <span class='ocrx_word' id='word_1_221' title='bbox 2230 2464 2598 2556; x_wconf 86' lang='lat' dir='ltr'>impetitam</span> <span class='ocrx_word' id='word_1_222' title='bbox 2632 2457 2751 2531; x_wconf 84' lang='lat' dir='ltr'>effe</span> <span class='ocrx_word' id='word_1_223' title='bbox 2780 2459 2994 2531; x_wconf 87' lang='lat' dir='ltr'>adhuc</span> <span class='ocrx_word' id='word_1_224' title='bbox 3020 2506 3045 2543; x_wconf 90' lang='lat'>,</span> <span class='ocrx_word' id='word_1_225' title='bbox 3092 2471 3310 2549; x_wconf 77' lang='lat' dir='ltr'>neque</span> 
     </span>
     <span class='ocr_line' id='line_1_22' title="bbox 364 2553 3308 2656; baseline -0.003 -22"><span class='ocrx_word' id='word_1_226' title='bbox 364 2561 644 2656; x_wconf 80' lang='lat' dir='ltr'>omnino</span> <span class='ocrx_word' id='word_1_227' title='bbox 689 2553 812 2630; x_wconf 77' lang='lat' dir='ltr'>nisi</span> <span class='ocrx_word' id='word_1_228' title='bbox 859 2555 1196 2627; x_wconf 82' lang='lat' dir='ltr'>calumniis</span> <span class='ocrx_word' id='word_1_229' title='bbox 1238 2556 1611 2651; x_wconf 78' lang='lat' dir='ltr'>impugnari</span> <span class='ocrx_word' id='word_1_230' title='bbox 1656 2556 1887 2653; x_wconf 79' lang='lat' dir='ltr'>poffe?</span> <span class='ocrx_word' id='word_1_231' title='bbox 1943 2563 2033 2633; x_wconf 84' lang='lat' dir='ltr'>At</span> <span class='ocrx_word' id='word_1_232' title='bbox 2079 2587 2204 2634; x_wconf 86' lang='lat' dir='ltr'>vos</span> <span class='ocrx_word' id='word_1_233' title='bbox 2237 2559 2506 2655; x_wconf 87' lang='lat' dir='ltr'>quidem</span> <span class='ocrx_word' id='word_1_234' title='bbox 2547 2581 2693 2630; x_wconf 87' lang='lat' dir='ltr'>eam</span> <span class='ocrx_word' id='word_1_235' title='bbox 2739 2554 3059 2651; x_wconf 85' lang='lat' dir='ltr'>probate,</span> <span class='ocrx_word' id='word_1_236' title='bbox 3115 2574 3308 2627; x_wconf 83' lang='lat' dir='ltr'>caete·</span> 
     </span>
     <span class='ocr_line' id='line_1_23' title="bbox 359 2651 3307 2751; baseline -0.003 -19"><span class='ocrx_word' id='word_1_237' title='bbox 359 2661 445 2732; x_wconf 83' lang='lat' dir='ltr'>ris</span> <span class='ocrx_word' id='word_1_238' title='bbox 487 2657 871 2751; x_wconf 83' lang='lat' dir='ltr'>anteponite</span> <span class='ocrx_word' id='word_1_239' title='bbox 891 2705 914 2740; x_wconf 90' lang='lat'>,</span> <span class='ocrx_word' id='word_1_240' title='bbox 981 2651 1325 2745; x_wconf 86' lang='lat' dir='ltr'>sequimini</span> <span class='ocrx_word' id='word_1_241' title='bbox 1390 2656 1679 2749; x_wconf 80' lang='lat' dir='ltr'>ubique,</span> <span class='ocrx_word' id='word_1_242' title='bbox 1735 2659 2067 2730; x_wconf 85' lang='lat' dir='ltr'>miramini</span> <span class='ocrx_word' id='word_1_243' title='bbox 2097 2710 2121 2745; x_wconf 91' lang='lat'>,</span> <span class='ocrx_word' id='word_1_244' title='bbox 2172 2659 2457 2750; x_wconf 84' lang='lat' dir='ltr'>deperite</span> <span class='ocrx_word' id='word_1_245' title='bbox 2507 2659 2703 2729; x_wconf 88' lang='lat' dir='ltr'>etiam</span> <span class='ocrx_word' id='word_1_246' title='bbox 2744 2705 2767 2740; x_wconf 90' lang='lat'>,</span> <span class='ocrx_word' id='word_1_247' title='bbox 2818 2672 3147 2748; x_wconf 85' lang='lat' dir='ltr'>quantum</span> <span class='ocrx_word' id='word_1_248' title='bbox 3210 2651 3307 2722; x_wconf 84' lang='lat' dir='ltr'>lu-</span> 
     </span>
     <span class='ocr_line' id='line_1_24' title="bbox 364 2747 3310 2851; baseline -0.002 -22"><span class='ocrx_word' id='word_1_249' title='bbox 364 2754 526 2840; x_wconf 81' lang='lat' dir='ltr'>bet3</span> <span class='ocrx_word' id='word_1_250' title='bbox 560 2782 670 2851; x_wconf 86' lang='lat' dir='ltr'>per</span> <span class='ocrx_word' id='word_1_251' title='bbox 715 2779 824 2834; x_wconf 83' lang='lat' dir='ltr'>me</span> <span class='ocrx_word' id='word_1_252' title='bbox 865 2753 1034 2824; x_wconf 88' lang='lat' dir='ltr'>licet.</span> <span class='ocrx_word' id='word_1_253' title='bbox 1115 2747 1271 2822; x_wconf 86' lang='lat' dir='ltr'>Hoc</span> <span class='ocrx_word' id='word_1_254' title='bbox 1322 2776 1490 2824; x_wconf 81' lang='lat' dir='ltr'>vero</span> <span class='ocrx_word' id='word_1_255' title='bbox 1544 2755 1701 2848; x_wconf 86' lang='lat' dir='ltr'>quid</span> <span class='ocrx_word' id='word_1_256' title='bbox 1741 2755 1917 2828; x_wconf 80' lang='lat' dir='ltr'>aliud</span> <span class='ocrx_word' id='word_1_257' title='bbox 1958 2753 2090 2843; x_wconf 88' lang='lat' dir='ltr'>est,</span> <span class='ocrx_word' id='word_1_258' title='bbox 2134 2778 2335 2849; x_wconf 80' lang='lat' dir='ltr'>quam</span> <span class='ocrx_word' id='word_1_259' title='bbox 2363 2778 2519 2826; x_wconf 85' lang='lat' dir='ltr'>eum</span> <span class='ocrx_word' id='word_1_260' title='bbox 2540 2804 2565 2842; x_wconf 87' lang='lat'>,</span> <span class='ocrx_word' id='word_1_261' title='bbox 2614 2776 2814 2848; x_wconf 84' lang='lat' dir='ltr'>quem</span> <span class='ocrx_word' id='word_1_262' title='bbox 2845 2754 3076 2826; x_wconf 82' lang='lat' dir='ltr'>amatis</span> <span class='ocrx_word' id='word_1_263' title='bbox 3087 2802 3112 2839; x_wconf 93' lang='lat'>,</span> <span class='ocrx_word' id='word_1_264' title='bbox 3157 2747 3310 2823; x_wconf 88' lang='lat' dir='ltr'>Phi-</span> 
     </span>
     <span class='ocr_line' id='line_1_25' title="bbox 369 2850 3308 2950; baseline 0.001 -23"><span class='ocrx_word' id='word_1_265' title='bbox 369 2854 714 2950; x_wconf 88' lang='lat' dir='ltr'>losophum</span> <span class='ocrx_word' id='word_1_266' title='bbox 761 2851 849 2926; x_wconf 88' lang='lat' dir='ltr'>ab</span> <span class='ocrx_word' id='word_1_267' title='bbox 907 2850 1100 2924; x_wconf 88' lang='lat' dir='ltr'>omni</span> <span class='ocrx_word' id='word_1_268' title='bbox 1159 2874 1377 2921; x_wconf 82' lang='lat' dir='ltr'>errore</span> <span class='ocrx_word' id='word_1_269' title='bbox 1426 2868 1624 2945; x_wconf 84' lang='lat' dir='ltr'>atque</span> <span class='ocrx_word' id='word_1_270' title='bbox 1668 2853 1834 2926; x_wconf 86' lang='lat' dir='ltr'>adeo</span> <span class='ocrx_word' id='word_1_271' title='bbox 1879 2855 1917 2924; x_wconf 70' lang='lat' dir='ltr'>a</span> <span class='ocrx_word' id='word_1_272' title='bbox 1973 2856 2310 2927; x_wconf 81' lang='lat' dir='ltr'>communi</span> <span class='ocrx_word' id='word_1_273' title='bbox 2354 2853 2702 2927; x_wconf 80' lang='lat' dir='ltr'>hominum</span> <span class='ocrx_word' id='word_1_274' title='bbox 2762 2851 2931 2925; x_wconf 87' lang='lat' dir='ltr'>sorte</span> <span class='ocrx_word' id='word_1_275' title='bbox 2985 2854 3308 2930; x_wconf 65' lang='lat' dir='ltr'>eximere-3</span> 
     </span>
     <span class='ocr_line' id='line_1_26' title="bbox 367 2932 3311 3044; baseline -0.002 -16"><span class='ocrx_word' id='word_1_276' title='bbox 367 2980 525 3028; x_wconf 88' lang='lat' dir='ltr'>cum</span> <span class='ocrx_word' id='word_1_277' title='bbox 581 2975 808 3027; x_wconf 85' lang='lat' dir='ltr'>tamen</span> <span class='ocrx_word' id='word_1_278' title='bbox 854 2944 1299 3044; x_wconf 72' lang='lat' dir='ltr'>sapientiffimi</span> <span class='ocrx_word' id='word_1_279' title='bbox 1351 2953 1596 3044; x_wconf 88' lang='lat' dir='ltr'>quique</span> <span class='ocrx_word' id='word_1_280' title='bbox 1620 3001 1643 3037; x_wconf 93' lang='lat'>,</span> <span class='ocrx_word' id='word_1_281' title='bbox 1697 2976 1849 3025; x_wconf 87' lang='lat' dir='ltr'>cum</span> <span class='ocrx_word' id='word_1_282' title='bbox 1896 2954 2247 3028; x_wconf 85' lang='lat' dir='ltr'>Chremete</span> <span class='ocrx_word' id='word_1_283' title='bbox 2296 2950 2734 3038; x_wconf 75' lang='lat' dir='ltr'>Terentiam,</span> <span class='ocrx_word' id='word_1_284' title='bbox 2782 2951 3040 3027; x_wconf 81' lang='lat' dir='ltr'>homines</span> <span class='ocrx_word' id='word_1_285' title='bbox 3092 2949 3156 3024; x_wconf 90' lang='lat' dir='ltr'>se</span> <span class='ocrx_word' id='word_1_286' title='bbox 3201 2932 3311 3042; x_wconf 66' lang='lat' dir='ltr'>effi</span> 
     </span>
     <span class='ocr_line' id='line_1_27' title="bbox 361 3047 3316 3145; baseline -0.004 -18"><span class='ocrx_word' id='word_1_287' title='bbox 361 3052 703 3127; x_wconf 84' lang='lat' dir='ltr'>fateantur</span> <span class='ocrx_word' id='word_1_288' title='bbox 752 3103 774 3138; x_wconf 90' lang='lat'>,</span> <span class='ocrx_word' id='word_1_289' title='bbox 843 3052 886 3121; x_wconf 78' lang='grc' dir='ltr'><em>ἆ</em></span> <span class='ocrx_word' id='word_1_290' title='bbox 935 3047 1161 3145; x_wconf 81' lang='lat' dir='ltr'>quibus</span> <span class='ocrx_word' id='word_1_291' title='bbox 1230 3047 1484 3123; x_wconf 83' lang='lat' dir='ltr'>humani</span> <span class='ocrx_word' id='word_1_292' title='bbox 1530 3050 1689 3124; x_wconf 81' lang='lat' dir='ltr'>nihil</span> <span class='ocrx_word' id='word_1_293' title='bbox 1763 3053 2035 3126; x_wconf 82' lang='lat' dir='ltr'>alienum</span> <span class='ocrx_word' id='word_1_294' title='bbox 2090 3049 2194 3126; x_wconf 48' lang='lat' dir='ltr'>fit,</span> <span class='ocrx_word' id='word_1_295' title='bbox 2285 3054 2374 3126; x_wconf 82' lang='lat' dir='ltr'>Et</span> <span class='ocrx_word' id='word_1_296' title='bbox 2440 3050 2586 3126; x_wconf 79' lang='lat' dir='ltr'>Eme</span> <span class='ocrx_word' id='word_1_297' title='bbox 2659 3049 2929 3124; x_wconf 85' lang='lat' dir='ltr'>fuerunt</span> <span class='ocrx_word' id='word_1_298' title='bbox 2977 3050 3247 3142; x_wconf 80' lang='lat' dir='ltr'>quidam</span> <span class='ocrx_word' id='word_1_299' title='bbox 3288 3093 3316 3128; x_wconf 90' lang='lat'>,</span> 
     </span>
     <span class='ocr_line' id='line_1_28' title="bbox 369 3140 3320 3247; baseline -0.004 -24"><span class='ocrx_word' id='word_1_300' title='bbox 369 3174 763 3247; x_wconf 85' lang='lat' dir='ltr'>quanquam</span> <span class='ocrx_word' id='word_1_301' title='bbox 826 3145 1116 3243; x_wconf 71' lang='lat' dir='ltr'>profecto</span> <span class='ocrx_word' id='word_1_302' title='bbox 1187 3149 1426 3241; x_wconf 77' lang='lat' dir='ltr'>pauci,</span> <span class='ocrx_word' id='word_1_303' title='bbox 1499 3147 1767 3223; x_wconf 85' lang='lat' dir='ltr'>fuerunt</span> <span class='ocrx_word' id='word_1_304' title='bbox 1810 3170 2071 3237; x_wconf 85' lang='lat' dir='ltr'>tamen,</span> <span class='ocrx_word' id='word_1_305' title='bbox 2132 3155 2250 3243; x_wconf 92' lang='lat' dir='ltr'>qui</span> <span class='ocrx_word' id='word_1_306' title='bbox 2298 3147 2663 3225; x_wconf 87' lang='lat' dir='ltr'>Cartefium</span> <span class='ocrx_word' id='word_1_307' title='bbox 2712 3148 2983 3221; x_wconf 87' lang='lat' dir='ltr'>subinde</span> <span class='ocrx_word' id='word_1_308' title='bbox 3045 3140 3320 3217; x_wconf 87' lang='lat' dir='ltr'>humani</span> 
     </span>
    </p>

    <p class='ocr_par' dir='ltr' id='par_1_5' title="bbox 362 3243 3320 3443">
     <span class='ocr_line' id='line_1_29' title="bbox 419 3243 3320 3342; baseline -0.005 -19"><span class='ocrx_word' id='word_1_309' title='bbox 419 3252 537 3323; x_wconf 88' lang='lat' dir='ltr'>uid</span> <span class='ocrx_word' id='word_1_310' title='bbox 598 3245 845 3342; x_wconf 82' lang='lat' dir='ltr'>passum</span> <span class='ocrx_word' id='word_1_311' title='bbox 898 3244 1015 3319; x_wconf 80' lang='lat' dir='ltr'>effe</span> <span class='ocrx_word' id='word_1_312' title='bbox 1071 3247 1139 3317; x_wconf 83' lang='lat'>&amp;</span> <span class='ocrx_word' id='word_1_313' title='bbox 1192 3266 1380 3318; x_wconf 85' lang='lat' dir='ltr'>acute</span> <span class='ocrx_word' id='word_1_314' title='bbox 1439 3246 1873 3322; x_wconf 85' lang='lat' dir='ltr'>observarunt</span> <span class='ocrx_word' id='word_1_315' title='bbox 1894 3300 1920 3336; x_wconf 89' lang='lat'>,</span> <span class='ocrx_word' id='word_1_316' title='bbox 1982 3250 2049 3320; x_wconf 72' lang='grc' dir='ltr'>δε</span> <span class='ocrx_word' id='word_1_317' title='bbox 2100 3252 2435 3322; x_wconf 87' lang='lat' dir='ltr'>evidenter</span> <span class='ocrx_word' id='word_1_318' title='bbox 2486 3246 3031 3320; x_wconf 80' lang='lat' dir='ltr'>demonstrarunt.</span> <span class='ocrx_word' id='word_1_319' title='bbox 3094 3243 3320 3329; x_wconf 80' lang='lat' dir='ltr'>Forta-</span> 
     </span>
     <span class='ocr_line' id='line_1_30' title="bbox 362 3278 3186 3443; baseline -0.005 -20"><span class='ocrx_word' id='word_1_320' title='bbox 362 3278 482 3423; x_wconf 57' lang='lat' dir='ltr'>gis</span> <span class='ocrx_word' id='word_1_321' title='bbox 524 3349 802 3443; x_wconf 86' lang='lat' dir='ltr'>ineptire</span> <span class='ocrx_word' id='word_1_322' title='bbox 855 3343 1049 3419; x_wconf 83' lang='lat' dir='ltr'>vobis</span> <span class='ocrx_word' id='word_1_323' title='bbox 1103 3342 1381 3416; x_wconf 81' lang='lat' dir='ltr'>videbor</span> <span class='ocrx_word' id='word_1_324' title='bbox 1410 3393 1434 3429; x_wconf 90' lang='lat'>,</span> <span class='ocrx_word' id='word_1_325' title='bbox 1489 3342 1541 3415; x_wconf 90' lang='lat' dir='ltr'><strong>fi</strong></span> <span class='ocrx_word' id='word_1_326' title='bbox 1597 3347 1669 3416; x_wconf 82' lang='lat' dir='ltr'>in</span> <span class='ocrx_word' id='word_1_327' title='bbox 1716 3346 1814 3417; x_wconf 85' lang='lat' dir='ltr'>his</span> <span class='ocrx_word' id='word_1_328' title='bbox 1871 3371 1998 3440; x_wconf 87' lang='lat' dir='ltr'>ego</span> <span class='ocrx_word' id='word_1_329' title='bbox 2045 3371 2297 3419; x_wconf 82' lang='lat' dir='ltr'>nomen</span> <span class='ocrx_word' id='word_1_330' title='bbox 2338 3370 2567 3417; x_wconf 87' lang='lat' dir='ltr'>meum</span> <span class='ocrx_word' id='word_1_331' title='bbox 2620 3338 2913 3437; x_wconf 84' lang='lat' dir='ltr'>profiteri</span> <span class='ocrx_word' id='word_1_332' title='bbox 2955 3335 3186 3411; x_wconf 81' lang='lat' dir='ltr'>aufim.</span> 
     </span>
    </p>
   </div>
   <div class='ocr_carea' id='block_1_5' title="bbox 359 3496 3395 4092">
    <p class='ocr_par' dir='ltr' id='par_1_6' title="bbox 359 3496 3395 4092">
     <span class='ocr_line' id='line_1_31' title="bbox 572 3496 3318 3595; baseline -0.004 -16"><span class='ocrx_word' id='word_1_333' title='bbox 572 3508 829 3579; x_wconf 86' lang='lat' dir='ltr'>Verum</span> <span class='ocrx_word' id='word_1_334' title='bbox 877 3505 1264 3588; x_wconf 84' lang='lat' dir='ltr'>enimvero,</span> <span class='ocrx_word' id='word_1_335' title='bbox 1325 3498 1508 3595; x_wconf 90' lang='lat' dir='ltr'>quod</span> <span class='ocrx_word' id='word_1_336' title='bbox 1569 3499 1618 3574; x_wconf 84' lang='lat' dir='ltr'>fi</span> <span class='ocrx_word' id='word_1_337' title='bbox 1667 3502 1868 3588; x_wconf 85' lang='lat' dir='ltr'>mihi,</span> <span class='ocrx_word' id='word_1_338' title='bbox 1919 3502 2174 3574; x_wconf 86' lang='lat' dir='ltr'>homini</span> <span class='ocrx_word' id='word_1_339' title='bbox 2213 3502 2474 3595; x_wconf 88' lang='lat' dir='ltr'>ingenio</span> <span class='ocrx_word' id='word_1_340' title='bbox 2505 3506 2880 3579; x_wconf 70' lang='lat' dir='ltr'>non&#39;naodo</span> <span class='ocrx_word' id='word_1_341' title='bbox 2912 3522 3048 3577; x_wconf 89' lang='lat' dir='ltr'>non</span> <span class='ocrx_word' id='word_1_342' title='bbox 3084 3496 3318 3595; x_wconf 85' lang='lat' dir='ltr'>perspi-</span> 
     </span>
     <span class='ocr_line' id='line_1_32' title="bbox 361 3595 3315 3699; baseline -0.005 -14"><span class='ocrx_word' id='word_1_343' title='bbox 361 3612 504 3685; x_wconf 82' lang='lat' dir='ltr'>caci</span> <span class='ocrx_word' id='word_1_344' title='bbox 548 3606 658 3681; x_wconf 74' lang='lat' dir='ltr'>sed</span> <span class='ocrx_word' id='word_1_345' title='bbox 702 3630 870 3699; x_wconf 77' lang='lat' dir='ltr'>pene</span> <span class='ocrx_word' id='word_1_346' title='bbox 913 3603 1138 3687; x_wconf 86' lang='lat' dir='ltr'>nullo,</span> <span class='ocrx_word' id='word_1_347' title='bbox 1183 3623 1320 3672; x_wconf 88' lang='lat' dir='ltr'>non</span> <span class='ocrx_word' id='word_1_348' title='bbox 1369 3624 1576 3694; x_wconf 85' lang='lat' dir='ltr'>pauca</span> <span class='ocrx_word' id='word_1_349' title='bbox 1614 3600 2136 3674; x_wconf 86' lang='lat' dir='ltr'>animadvertere</span> <span class='ocrx_word' id='word_1_350' title='bbox 2166 3601 2488 3696; x_wconf 84' lang='lat' dir='ltr'>contigit,</span> <span class='ocrx_word' id='word_1_351' title='bbox 2547 3604 2615 3674; x_wconf 85' lang='lat' dir='ltr'>in</span> <span class='ocrx_word' id='word_1_352' title='bbox 2655 3602 2892 3696; x_wconf 77' lang='lat' dir='ltr'>quibus</span> <span class='ocrx_word' id='word_1_353' title='bbox 2921 3600 3169 3697; x_wconf 84' lang='lat' dir='ltr'>lapsum</span> <span class='ocrx_word' id='word_1_354' title='bbox 3197 3595 3315 3671; x_wconf 70' lang='lat' dir='ltr'>elie</span> 
     </span>
     <span class='ocr_line' id='line_1_33' title="bbox 359 3690 3319 3795; baseline -0.006 -10"><span class='ocrx_word' id='word_1_355' title='bbox 359 3703 866 3784; x_wconf 86' lang='lat' dir='ltr'>subtiliffimum</span> <span class='ocrx_word' id='word_1_356' title='bbox 920 3697 1386 3794; x_wconf 85' lang='lat' dir='ltr'>Philosophum</span> <span class='ocrx_word' id='word_1_357' title='bbox 1411 3750 1436 3787; x_wconf 90' lang='lat'>,</span> <span class='ocrx_word' id='word_1_358' title='bbox 1478 3700 1729 3795; x_wconf 78' lang='lat' dir='ltr'>liqaido</span> <span class='ocrx_word' id='word_1_359' title='bbox 1773 3697 2283 3773; x_wconf 82' lang='lat' dir='ltr'>commonstrare</span> <span class='ocrx_word' id='word_1_360' title='bbox 2325 3690 2625 3795; x_wconf 71' lang='lat' dir='ltr'>pofl‘um3</span> <span class='ocrx_word' id='word_1_361' title='bbox 2662 3701 2929 3776; x_wconf 82' lang='lat' dir='ltr'>obsecro</span> <span class='ocrx_word' id='word_1_362' title='bbox 2970 3722 3078 3789; x_wconf 90' lang='lat' dir='ltr'>te,</span> <span class='ocrx_word' id='word_1_363' title='bbox 3128 3698 3319 3790; x_wconf 86' lang='lat' dir='ltr'>Poly-</span> 
     </span>
     <span class='ocr_line' id='line_1_34' title="bbox 362 3796 3319 3897; baseline -0.005 -13"><span class='ocrx_word' id='word_1_364' title='bbox 362 3812 632 3884; x_wconf 81' lang='lat' dir='ltr'>mathes</span> <span class='ocrx_word' id='word_1_365' title='bbox 664 3858 688 3893; x_wconf 90' lang='lat'>,</span> <span class='ocrx_word' id='word_1_366' title='bbox 735 3798 1059 3894; x_wconf 85' lang='lat' dir='ltr'>numquid</span> <span class='ocrx_word' id='word_1_367' title='bbox 1131 3796 1519 3871; x_wconf 89' lang='lat' dir='ltr'>sententiam</span> <span class='ocrx_word' id='word_1_368' title='bbox 1568 3820 1754 3875; x_wconf 85' lang='lat' dir='ltr'>tuam</span> <span class='ocrx_word' id='word_1_369' title='bbox 1819 3796 2109 3872; x_wconf 80' lang='lat' dir='ltr'>mutabis</span> <span class='ocrx_word' id='word_1_370' title='bbox 2135 3800 2170 3872; x_wconf 65' lang='grc' dir='ltr'><strong><em>ἓ</em></strong></span> <span class='ocrx_word' id='word_1_371' title='bbox 2222 3801 2353 3873; x_wconf 85' lang='lat' dir='ltr'>Hic</span> <span class='ocrx_word' id='word_1_372' title='bbox 2406 3821 2523 3873; x_wconf 85' lang='lat' dir='ltr'>me</span> <span class='ocrx_word' id='word_1_373' title='bbox 2569 3822 2845 3897; x_wconf 85' lang='lat' dir='ltr'>uterque</span> <span class='ocrx_word' id='word_1_374' title='bbox 2891 3799 3126 3877; x_wconf 86' lang='lat' dir='ltr'>intueri</span> <span class='ocrx_word' id='word_1_375' title='bbox 3144 3849 3168 3885; x_wconf 89' lang='lat'>,</span> <span class='ocrx_word' id='word_1_376' title='bbox 3219 3796 3319 3869; x_wconf 82' lang='lat' dir='ltr'>su-</span> 
     </span>
     <span class='ocr_line' id='line_1_35' title="bbox 360 3897 3395 3993; baseline -0.005 -10"><span class='ocrx_word' id='word_1_377' title='bbox 360 3909 640 3982; x_wconf 76' lang='lat' dir='ltr'>bridere</span> <span class='ocrx_word' id='word_1_378' title='bbox 690 3904 892 3973; x_wconf 85' lang='lat' dir='ltr'>etiam</span> <span class='ocrx_word' id='word_1_379' title='bbox 937 3898 1399 3990; x_wconf 72' lang='lat' dir='ltr'>Polymathesz</span> <span class='ocrx_word' id='word_1_380' title='bbox 1460 3899 1525 3969; x_wconf 71' lang='grc' dir='ltr'>ἃ,</span> <span class='ocrx_word' id='word_1_381' title='bbox 1565 3924 1689 3993; x_wconf 89' lang='lat' dir='ltr'>ego</span> <span class='ocrx_word' id='word_1_382' title='bbox 1735 3923 1902 3972; x_wconf 87' lang='lat' dir='ltr'>vero</span> <span class='ocrx_word' id='word_1_383' title='bbox 1935 3949 1960 3985; x_wconf 95' lang='lat'>,</span> <span class='ocrx_word' id='word_1_384' title='bbox 2020 3901 2235 3992; x_wconf 89' lang='lat' dir='ltr'>inquit</span> <span class='ocrx_word' id='word_1_385' title='bbox 2262 3949 2286 3985; x_wconf 89' lang='lat'>,</span> <span class='ocrx_word' id='word_1_386' title='bbox 2348 3897 2737 3976; x_wconf 85' lang='lat' dir='ltr'>sententiam</span> <span class='ocrx_word' id='word_1_387' title='bbox 2782 3899 3059 3974; x_wconf 87' lang='lat' dir='ltr'>mutabo</span> <span class='ocrx_word' id='word_1_388' title='bbox 3097 3924 3173 3973; x_wconf 88' lang='lat' dir='ltr'>ac</span> <span class='ocrx_word' id='word_1_389' title='bbox 3214 3899 3321 3967; x_wconf 86' lang='lat' dir='ltr'>lu·</span> <span class='ocrx_word' id='word_1_390' title='bbox 3386 3984 3395 3993; x_wconf 17' lang='lat' dir='ltr'>x</span> 
     </span>
     <span class='ocr_line' id='line_1_36' title="bbox 363 3994 3319 4092; baseline -0.005 -11"><span class='ocrx_word' id='word_1_391' title='bbox 363 4008 537 4081; x_wconf 80' lang='lat' dir='ltr'>bens</span> <span class='ocrx_word' id='word_1_392' title='bbox 568 4055 595 4092; x_wconf 88' lang='lat'>,</span> <span class='ocrx_word' id='word_1_393' title='bbox 671 4021 751 4073; x_wconf 90' lang='lat' dir='ltr'>tu</span> <span class='ocrx_word' id='word_1_394' title='bbox 825 3997 1031 4070; x_wconf 87' lang='lat' dir='ltr'>modo</span> <span class='ocrx_word' id='word_1_395' title='bbox 1105 3994 1207 4069; x_wconf 79' lang='lat' dir='ltr'>fac</span> <span class='ocrx_word' id='word_1_396' title='bbox 1227 4042 1253 4078; x_wconf 86' lang='lat'>‚</span> <span class='ocrx_word' id='word_1_397' title='bbox 1324 4019 1490 4090; x_wconf 83' lang='lat' dir='ltr'>quos</span> <span class='ocrx_word' id='word_1_398' title='bbox 1551 3994 1743 4069; x_wconf 75' lang='lat' dir='ltr'>nobis</span> <span class='ocrx_word' id='word_1_399' title='bbox 1791 4019 2012 4070; x_wconf 82' lang='lat' dir='ltr'>narras</span> <span class='ocrx_word' id='word_1_400' title='bbox 2069 3996 2279 4092; x_wconf 82' lang='lat' dir='ltr'>lapsus</span> <span class='ocrx_word' id='word_1_401' title='bbox 2349 4002 2414 4073; x_wconf 70' lang='grc' dir='ltr'>δε</span> <span class='ocrx_word' id='word_1_402' title='bbox 2474 3999 2544 4073; x_wconf 87' lang='lat' dir='ltr'>in</span> <span class='ocrx_word' id='word_1_403' title='bbox 2592 3999 2869 4076; x_wconf 83' lang='lat' dir='ltr'>Cartesii</span> <span class='ocrx_word' id='word_1_404' title='bbox 2910 3997 3319 4091; x_wconf 84' lang='lat' dir='ltr'>Philosophia</span> 
     </span>
    </p>
   </div>
   <div class='ocr_carea' id='block_1_6' title="bbox 365 4095 3317 4209">
    <p class='ocr_par' dir='ltr' id='par_1_7' title="bbox 365 4095 3317 4209">
     <span class='ocr_line' id='line_1_37' title="bbox 365 4095 3317 4209; baseline -0.004 -28"><span class='ocrx_word' id='word_1_405' title='bbox 365 4099 740 4181; x_wconf 87' lang='lat' dir='ltr'>observasti</span> <span class='ocrx_word' id='word_1_406' title='bbox 790 4095 1022 4169; x_wconf 86' lang='lat' dir='ltr'>seilicet</span> <span class='ocrx_word' id='word_1_407' title='bbox 1047 4145 1070 4182; x_wconf 89' lang='lat'>,</span> <span class='ocrx_word' id='word_1_408' title='bbox 1127 4114 1279 4167; x_wconf 81' lang='lat' dir='ltr'>tuos</span> <span class='ocrx_word' id='word_1_409' title='bbox 1329 4118 1543 4209; x_wconf 76' lang='lat' dir='ltr'>prope</span> <span class='ocrx_word' id='word_1_410' title='bbox 1603 4096 1970 4182; x_wconf 50' lang='lat' dir='ltr'>dix-eram„</span> <span class='ocrx_word' id='word_1_411' title='bbox 2009 4119 2317 4187; x_wconf 83' lang='lat' dir='ltr'>exponas.</span> <span class='ocrx_word' id='word_1_412' title='bbox 2399 4097 2551 4172; x_wconf 82' lang='lat' dir='ltr'>Post</span> <span class='ocrx_word' id='word_1_413' title='bbox 2612 4101 2696 4173; x_wconf 83' lang='lat' dir='ltr'>ad</span> <span class='ocrx_word' id='word_1_414' title='bbox 2750 4100 3106 4173; x_wconf 80' lang='lat' dir='ltr'>Daedalum</span> <span class='ocrx_word' id='word_1_415' title='bbox 3164 4119 3317 4170; x_wconf 85' lang='lat' dir='ltr'>con-</span> 
     </span>
    </p>
   </div>
   <div class='ocr_carea' id='block_1_7' title="bbox 371 4191 3642 4321">
    <p class='ocr_par' dir='ltr' id='par_1_8' title="bbox 371 4191 3642 4321">
     <span class='ocr_line' id='line_1_38' title="bbox 371 4191 3642 4321; baseline -0.001 -53"><span class='ocrx_word' id='word_1_416' title='bbox 371 4203 608 4279; x_wconf 70' lang='lat' dir='ltr'>versus</span> <span class='ocrx_word' id='word_1_417' title='bbox 678 4201 716 4293; x_wconf 86' lang='lat'>(</span> <span class='ocrx_word' id='word_1_418' title='bbox 766 4194 1048 4269; x_wconf 81' lang='lat' dir='ltr'>solemus</span> <span class='ocrx_word' id='word_1_419' title='bbox 1109 4195 1285 4267; x_wconf 86' lang='lat' dir='ltr'>enim</span> <span class='ocrx_word' id='word_1_420' title='bbox 1329 4214 1498 4266; x_wconf 83' lang='lat' dir='ltr'>mter</span> <span class='ocrx_word' id='word_1_421' title='bbox 1545 4218 1667 4265; x_wconf 85' lang='lat' dir='ltr'>nos</span> <span class='ocrx_word' id='word_1_422' title='bbox 1717 4193 1898 4288; x_wconf 90' lang='lat' dir='ltr'>loqui</span> <span class='ocrx_word' id='word_1_423' title='bbox 1946 4191 2374 4287; x_wconf 68' lang='lat' dir='ltr'>familiarius)</span> <span class='ocrx_word' id='word_1_424' title='bbox 2425 4197 2762 4272; x_wconf 84' lang='lat' dir='ltr'>videamus</span> <span class='ocrx_word' id='word_1_425' title='bbox 2791 4248 2817 4286; x_wconf 92' lang='lat'>,</span> <span class='ocrx_word' id='word_1_426' title='bbox 2873 4199 2966 4268; x_wconf 85' lang='lat' dir='ltr'>ait</span> <span class='ocrx_word' id='word_1_427' title='bbox 2989 4247 3018 4284; x_wconf 88' lang='lat'>,</span> <span class='ocrx_word' id='word_1_428' title='bbox 3397 4256 3519 4321; x_wconf 80' lang='lat' dir='ltr'>Hor</span> <span class='ocrx_word' id='word_1_429' title='bbox 3567 4255 3642 4314; x_wconf 55' lang='lat' dir='ltr'>dt</span> 
     </span>
    </p>
   </div>
   <div class='ocr_carea' id='block_1_8' title="bbox 942 4335 3642 4454">
    <p class='ocr_par' dir='ltr' id='par_1_9' title="bbox 942 4335 3642 4454">
     <span class='ocr_line' id='line_1_39' title="bbox 942 4335 3642 4454; baseline -0.012 -32"><span class='ocrx_word' id='word_1_430' title='bbox 942 4351 1117 4448; x_wconf 75' lang='lat' dir='ltr'>Qid</span> <span class='ocrx_word' id='word_1_431' title='bbox 1153 4356 1404 4454; x_wconf 61' lang='lat' dir='ltr'>dtgnusn</span> <span class='ocrx_word' id='word_1_432' title='bbox 1452 4362 1623 4428; x_wconf 74' lang='lat' dir='ltr'>tanto</span> <span class='ocrx_word' id='word_1_433' title='bbox 1662 4353 1842 4448; x_wconf 65' lang='lat' dir='ltr'>ferat</span> <span class='ocrx_word' id='word_1_434' title='bbox 1894 4346 1995 4424; x_wconf 77' lang='lat' dir='ltr'>hi&#39;c</span> <span class='ocrx_word' id='word_1_435' title='bbox 2057 4349 2367 4454; x_wconf 52' lang='lat' dir='ltr'>promffr·</span> <span class='ocrx_word' id='word_1_436' title='bbox 2411 4354 2589 4432; x_wconf 62' lang='lat' dir='ltr'>him</span> <span class='ocrx_word' id='word_1_437' title='bbox 2643 4352 2679 4426; x_wconf 62' lang='grc' dir='ltr'><em>ς</em></span> <span class='ocrx_word' id='word_1_438' title='bbox 3351 4342 3470 4406; x_wconf 62' lang='grc' dir='ltr'>Λα,</span> <span class='ocrx_word' id='word_1_439' title='bbox 3490 4335 3642 4393; x_wconf 60' lang='lat' dir='ltr'>roez.</span> 
     </span>
    </p>
   </div>
   <div class='ocr_carea' id='block_1_9' title="bbox 581 4492 3329 4607">
    <p class='ocr_par' dir='ltr' id='par_1_10' title="bbox 581 4492 3329 4607">
     <span class='ocr_line' id='line_1_40' title="bbox 581 4492 3329 4607; baseline -0.01 -18"><span class='ocrx_word' id='word_1_440' title='bbox 581 4519 824 4607; x_wconf 90' lang='lat' dir='ltr'>Itaque</span> <span class='ocrx_word' id='word_1_441' title='bbox 852 4539 1006 4587; x_wconf 85' lang='lat' dir='ltr'>cum</span> <span class='ocrx_word' id='word_1_442' title='bbox 1061 4512 1239 4586; x_wconf 82' lang='lat' dir='ltr'>varia</span> <span class='ocrx_word' id='word_1_443' title='bbox 1283 4510 1465 4584; x_wconf 88' lang='lat' dir='ltr'>nullo</span> <span class='ocrx_word' id='word_1_444' title='bbox 1512 4507 1778 4593; x_wconf 86' lang='lat' dir='ltr'>ordine,</span> <span class='ocrx_word' id='word_1_445' title='bbox 1838 4509 1902 4579; x_wconf 87' lang='lat'>&amp;</span> <span class='ocrx_word' id='word_1_446' title='bbox 1941 4524 2021 4577; x_wconf 87' lang='lat' dir='ltr'>ut</span> <span class='ocrx_word' id='word_1_447' title='bbox 2063 4504 2376 4600; x_wconf 88' lang='lat' dir='ltr'>quodque</span> <span class='ocrx_word' id='word_1_448' title='bbox 2430 4504 2721 4597; x_wconf 85' lang='lat' dir='ltr'>primum</span> <span class='ocrx_word' id='word_1_449' title='bbox 2768 4492 3201 4579; x_wconf 77' lang='lat' dir='ltr'>occurrebat,</span> <span class='ocrx_word' id='word_1_450' title='bbox 3231 4517 3329 4571; x_wconf 74' lang='lat' dir='ltr'>ro,-</span> 
     </span>
    </p>
   </div>
   <div class='ocr_carea' id='block_1_10' title="bbox 369 4589 3348 4762">
    <p class='ocr_par' dir='ltr' id='par_1_11' title="bbox 369 4589 3348 4762">
     <span class='ocr_line' id='line_1_41' title="bbox 369 4589 3348 4762; baseline -0.012 -69"><span class='ocrx_word' id='word_1_451' title='bbox 369 4615 765 4692; x_wconf 81' lang='lat' dir='ltr'>oensuiffem</span> <span class='ocrx_word' id='word_1_452' title='bbox 779 4664 806 4704; x_wconf 89' lang='lat'>,</span> <span class='ocrx_word' id='word_1_453' title='bbox 840 4616 1138 4708; x_wconf 83' lang='lat' dir='ltr'>interque</span> <span class='ocrx_word' id='word_1_454' title='bbox 1181 4608 1306 4686; x_wconf 81' lang='lat' dir='ltr'>alia</span> <span class='ocrx_word' id='word_1_455' title='bbox 1345 4604 1618 4715; x_wconf 81' lang='lat' dir='ltr'>Cartefii</span> <span class='ocrx_word' id='word_1_456' title='bbox 1660 4605 1746 4681; x_wconf 83' lang='lat' dir='ltr'>de</span> <span class='ocrx_word' id='word_1_457' title='bbox 1763 4601 2086 4681; x_wconf 79' lang='lat' dir='ltr'>infinitate</span> <span class='ocrx_word' id='word_1_458' title='bbox 2112 4603 2343 4681; x_wconf 86' lang='lat' dir='ltr'>mundi</span> <span class='ocrx_word' id='word_1_459' title='bbox 2372 4601 2754 4697; x_wconf 82' lang='lat' dir='ltr'>opinionem</span> <span class='ocrx_word' id='word_1_460' title='bbox 2771 4597 3003 4667; x_wconf 69' lang='lat' dir='ltr'>levioer</span> <span class='ocrx_word' id='word_1_461' title='bbox 3035 4589 3348 4762; x_wconf 49' lang='grc' dir='ltr'>Ρέἓὲὲῖ</span> 
     </span>
    </p>
   </div>
  </div>
 </body>
</html>
