4188 5670
905 291 1069 404 με’
2103 292 2719 386 „Onam-1·

898 484 1175 584 Judaeus
1201 478 1413 555 neseio
1452 475 1618 573 quid
1660 476 1842 574 genti
1900 474 2037 549 suae
2073 471 2570 563 sacrosantaum,
2600 474 2952 562 aumtteret.
3031 471 3546 555 ffic'tecutitus
3581 481 3718 555 ‘ille
3759 507 3891 576 g...

864 610 1122 670 nmere,
1155 583 1306 676 angi
1329 631 1352 666 ‚
1382 575 1506 651 sese
1538 574 1756 672 ipsum
1796 575 2165 649 excruciare
2198 594 2220 640 ε
2285 577 2640 672 Buxtevfias
2662 621 2688 661 ,
2746 575 2830 648 ad
2882 599 3084 669 quem
3125 578 3374 652 interea
3451 603 3572 668 rer,
3606 581 3850 675 perdita
3881 625 3888 638 ι

897 684 1116 757 delata
1144 700 1284 754 erat
1314 730 1339 767 ‚
1371 674 1665 749 misertus
1692 675 1961 749 tandem
1995 673 2283 747 hominis
2303 723 2329 762 ,
2350 675 2596 768 quaerit
2621 724 2645 760 ‚
2675 676 2934 767 ecquod
2963 674 3157 746 indici
3201 678 3585 768 praemium
3627 675 3709 752 fit
3752 704 3860 752 ex·

860 821 865 826 ·
897 778 1340 877 pectandum:
1392 798 1672 868 cumque
1708 775 1994 869 Judaeus
2043 772 2202 844 nihil
2235 797 2371 844 non
2392 823 2418 860 ,
2440 772 2624 868 quod
2649 772 2918 866 quidem
2948 774 3015 845 in
3050 769 3162 845 sua
3186 770 3268 847 sit
3295 774 3641 870 porestaoe
3664 828 3690 865 ,
3715 777 3883 872 pol·-

896 883 1111 955 licitus
1154 874 1350 950 effet:
1389 869 1625 957 Nihil,
1678 873 1893 966 inquit
1913 922 1937 959 ,
1989 871 2028 941 a
2077 890 2146 943 te
2177 869 2435 963 postulo
2465 921 2489 958 ,
2534 867 2654 943 nisi
2706 890 2785 944 ut
2832 873 3239 945 contrarium
3280 876 3461 947 inter
3495 899 3631 948 nos
3675 873 3846 947 fami-

896 981 1244 1054 liaritatem
1286 973 1381 1046 ad
1423 968 1638 1043 filium
1663 1021 1689 1057 ‚
1730 969 1781 1042 fi
1838 969 1993 1065 quid
2040 969 2202 1041 mihi
2254 970 2631 1042 humanitus
2667 970 2957 1058 accidat,
3011 970 3304 1058 derives,
3338 973 3712 1067 huncque,
3765 969 3836 1045 fi-

884 1077 1055 1155 cubi
1084 1079 1156 1150 in
1188 1071 1440 1165 scriptis
1468 1090 1607 1145 tuae
1647 1068 1856 1163 gentis
1882 1068 2379 1161 interpretandis
2409 1091 2681 1162 operam
2717 1087 2905 1143 tuam
2951 1065 3340 1142 desiderabit
3362 1121 3389 1157 ,
3437 1071 3720 1144 candide
3743 1071 3838 1146 ad-

896 1181 1087 1273 juves
1118 1196 1138 1242 z
1182 1171 1504 1265 limulque
1538 1165 1847 1241 Rabbino
1880 1167 1947 1238 id
1981 1216 2007 1253 ,
2057 1165 2240 1259 quod
2279 1187 2425 1238 tam
2472 1167 2665 1238 anxie
2753 1163 3052 1254 uaerebat
3076 1217 3102 1252 ,
3140 1166 3453 1242 restituit.
3591 1171 3840 1243 Memor

898 1276 1119 1373 postea
1164 1269 1442 1366 Judaeus
1472 1319 1494 1354 ‚
1526 1266 1944 1364 quoadssvixit
1966 1314 1991 1351 ,
2017 1263 2196 1337 datae
2244 1260 2400 1336 fidei
2427 1288 2612 1358 perm
2723 1284 2779 1337 1t
2823 1291 2843 1335 ι
2888 1263 3207 1359 hujusque
3234 1291 3360 1360 ego
3419 1266 3710 1361 magistri
3731 1318 3754 1354 ,
3777 1269 3850 1338 in

899 1378 1076 1453 aedes
1110 1368 1397 1538 nostrast?
1448 1369 1517 1438 in
1542 1389 1703 1460 quas
1739 1362 1888 1463 post
1934 1363 2142 1439 Patris
2184 1381 2478 1439 mortem
2527 1363 2724 1439 Filius
2773 1359 3028 1438 tmnfiit
3047 1412 3075 1454 ‚
3119 1360 3364 1438 affidue
3417 1366 3831 1453 ventitantis,

894 1472 1113 1571 probe
1157 1492 1341 1541 recor
1388 1490 1483 1537 or.

1090 1609 1189 1680 ‘At
1232 1629 1395 1678 vero
1413 1654 1438 1691 ‚
1491 1625 1644 1676 eum
1690 1601 1871 1675 Huic
1918 1601 2257 1696 cognitum
2301 1597 2458 1673 efflet
2496 1649 2523 1687 ‚
2571 1621 2896 1696 quantum
2940 1601 3499 1697 peregrinatione·
3549 1601 3826 1676 literariae

868 1701 1242 1783 ;conferant
1265 1755 1290 1792 ,
1325 1725 1478 1775 cum
1521 1700 1606 1773 ad
1655 1701 2093 1774 eruditionem
2158 1698 2703 1794 prudentiamque
2752 1700 3115 1795 augendam
3168 1746 3189 1778 ,
3246 1719 3396 1773 tum
3445 1702 3534 1774 ad
3582 1722 3821 1773 morum

868 1805 1226 1880 ‚culturam
1257 1853 1281 1889 ‚
1337 1797 1472 1873 fine
1525 1823 1657 1895 qua
1692 1800 2076 1894 plerumque
2119 1796 2377 1893 agrestis
2431 1801 2495 1870 δι
2547 1799 2970 1893 paedagogica
3021 1798 3301 1871 eruditio
3331 1798 3602 1873 molesta
3623 1801 3817 1891 potius

901 1905 1037 1980 aliis
1060 1951 1084 1988 ,
1140 1926 1345 1995 quam
1386 1918 1650 1992 accepta
1697 1900 1761 1972 δι
1788 1918 1968 1993 grata
2025 1896 2167 1978 est3
2215 1897 2344 1969 tale
2385 1896 2509 1970 iter
2534 1947 2558 1984 ,
2591 1921 2746 1970 vere
2795 1898 2971 1970 Anni
3017 1897 3174 1991 Sup.
3240 1899 3384 1971 Sec.
3439 1899 3576 1971 LX
3589 1896 3667 1995 V..
3713 1897 3804 1966 iu-

889 2021 1175 2103 gruente
1198 2049 1222 2086 ‚
1252 2000 1444 2070 venia
1475 1996 1513 2067 ά
1554 1998 1794 2070 Senatu
1850 1995 2039 2067 Acad.
2098 1996 2449 2089 impetrata
2493 2045 2520 2082 ,
2577 1997 2644 2069 δι
2678 1996 2749 2070 Β.
2798 1996 2985 2068 Patre
3031 2018 3241 2084 meo,
3288 2001 3360 2068 in
3401 1995 3666 2082 muneris
3705 1991 3805 2065 ad-

872 2098 1372 2177 eministratione
1402 2146 1425 2181 ,
1472 2093 1721 2167 vicario
1763 2091 2072 2187 tantisper
2114 2094 2340 2166 relicto
2369 2145 2395 2182 ,
2435 2091 2629 2166 bonis
2669 2092 2903 2168 avibus
2940 2093 3031 2167 est
3072 2091 3394 2189 aggreffus
3442 2120 3460 2165 x
3519 2117 3637 2165 una
3669 2113 3810 2164 cum

888 2201 1146 2278 »comite
1192 2190 1501 2269 fidiffimo
1522 2242 1540 2272 ‚
1607 2189 1774 2265 Viro
1809 2192 1897 2286 pl.
1940 2190 2334 2264 Reverendo
2389 2194 2456 2264 δι
2520 2192 2603 2265 de
2667 2187 2947 2265 Ecclefia
2991 2191 3277 2286 Deoque
3319 2191 3668 2266 consecrata
3712 2189 3813 2280 ju·

902 2316 1179 2373 ventute
1217 2287 1626 2368 meritiffimo
1655 2341 1679 2378 ,
1732 2289 2035 2364 friderico
2080 2290 2303 2364 Seilero
2329 2335 2372 2368 ‚-
2394 2291 2570 2363 Sacri
2620 2313 2781 2362 tunc
2829 2290 3176 2364 Ministerii
3215 2292 3565 2364 candidato
3584 2338 3611 2374 ‚
3638 2310 3806 2358 nunc

736 2416 757 2438 '
902 2392 1209 2476 Ecclesiae
1242 2394 1524 2466 Petrinae
1549 2387 1806 2461 Pastore
1841 2384 2351 2482 vigilantiffimo.
2425 2387 2603 2461 Cum
2625 2388 2755 2460 hoc
2784 2389 3030 2461 Achate
3054 2440 3080 2476 ‚
3112 2388 3408 2464 solothm
3431 2438 3455 2474 ‚
3494 2393 3707 2470 Berua,
3729 2385 3797 2456 ἅ
3841 2413 3846 2420 ·

884 2494 1228 2585 ,Lausanna
1267 2493 1339 2563 in
1381 2483 1657 2563 transitu
1705 2484 2030 2573 salutatis,
2081 2492 2341 2559 Genevae
2387 2485 2766 2577 aliquandiu
2804 2489 2979 2580 apud
3037 2485 3396 2560 Reverend.
3475 2488 3562 2560 De
3611 2491 3795 2556 Fama

892 2610 1359 2670 mmmoratus
1382 2614 1402 2659 t
1429 2608 1577 2660 tum
1613 2611 1774 2659 vero
1805 2583 1945 2661 viso
1995 2586 2066 2656 in
2117 2581 2587 2678 Allobrogibus
2643 2584 3040 2658 camberiano
3079 2636 3101 2672 ,
3145 2583 3500 2677 celebrique
3540 2606 3808 2677 propug-

882 2692 1147 2774 naculo
1199 2688 1639 2778 Montmeliano
1687 2712 1711 2757 τ
1764 2687 1829 2758 &
1875 2682 2025 2779 post
2071 2690 2347 2763 maximo.
2379 2685 2491 2756 illo
2535 2659 2969 2757 vetustilfimo
3002 2683 3359 2773 Cartufiani
3417 2682 3627 2776 ᾳνᾰὶῃὶε
3652 2707 3811 2754 coem-

900 2794 1006 2868 In'o
1024 2845 1046 2880 ‚
1085 2787 1558 2882 Gratianopolim
1586 2838 1603 2867 ‚
1640 2784 1921 2881 hincque
1958 2783 2330 2881 Lugdunum
2352 2783 2557 2856 venit.
2628 2782 2789 2855 lude
2833 2808 2946 2877 per
2970 2784 3314 2868 Aur-elim,
3325 2833 3350 2869 ‚
3393 2787 3692 2856 Lutetiam
3714 2786 3812 2852 Pa-

898 2891 1189 2982 ‚afiorum
1229 2890 1416 2984 petiit
1462 2937 1486 2974 ,
1555 2882 1781 2978 ibique
1855 2902 2122 2957 tantum
2183 2883 2500 2977 temporis
2544 2878 2823 2955 substitit
2847 2931 2873 2969 ‚
2930 2898 3252 2977 quantum
3301 2879 3538 2957 neceffe
3572 2899 3700 2952 erat
3739 2878 3852 2975 ad⁴

904 2991 1240 3085 praecipua
1265 3037 1288 3072 ‚
1334 3010 1487 3077 quae
1517 2987 1586 3055 in
1614 2985 1742 3054 hoc
1767 2980 1980 3056 Orbis
2007 2979 2406 3072 compendio
2432 3000 2669 3052 notatu
2698 2980 2894 3074 digna
2919 2978 3066 3052 sunt
3087 3030 3111 3067 ,
3141 2979 3599 3075 perlustranda.
3659 2979 3812 3051 Hinc

905 3082 1190 3160 picardia
1226 3133 1251 3170 ,
1301 3086 1632 3154 Harmonia
1657 3127 1682 3163 ,
1749 3077 1955 3170 iisque
2011 3078 2201 3173 Belgii
2280 3075 2653 3149 civitatibus
2679 3128 2699 3162 ,
2757 3103 2913 3173 quae
2963 3076 3332 3172 Hispanicae
3416 3100 3562 3150 tum
3612 3076 3811 3149 ditioni

910 3182 1225 3281 suberant
1267 3232 1292 3268 ‚
1326 3177 1720 3275 peragrati&
1764 3177 1841 3248 in
1882 3174 2227 3248 Foederata
2279 3176 2544 3247 tandem
2570 3174 2821 3270 Belgica
2862 3176 3166 3274 appulit,
3214 3179 3507 3271 duasque
3560 3175 3814 3270 inprimis

901 3285 1051 3378 ejus,
1096 3282 1388 3355 civitates
1409 3329 1435 3365 ‚
1484 3279 1555 3349 in
1595 3270 1837 3369 quibus
1873 3271 2119 3366 justum
2152 3291 2411 3367 tempus
2461 3270 2838 3367 consisteret
2860 3328 2884 3364 ‚
2936 3277 3287 3367 Trajeelam
3324 3276 3416 3349 ad
3468 3274 3724 3366 Rhenum
3754 3275 3812 3346 δι
3848 3281 3853 3285 ’

908 3379 1285 3482 Lugdunum
1323 3386 1704 3451 Batavorum
1753 3374 2011 3468 delegit.

1109 3533 1368 3607 Totum
1417 3530 1543 3603 hoc
1589 3528 1712 3605 iter
1745 3528 1816 3600 in
1865 3524 2321 3602 breviffimum
2371 3529 2838 3623 compendium
2874 3530 3118 3623 redigo.
3194 3531 3375 3617 Quae
3414 3528 3604 3603 enim
3644 3528 3809 3605 ἰαῦ)

916 3651 1295 3706 memoratu
1340 3629 1534 3724 digna
1573 3628 1920 3705 acciderint
1941 3679 1963 3714 ‚
1994 3628 2220 3703 malim
2250 3652 2333 3700 ex
2355 3628 2752 3704 Venerando
2785 3627 3014 3701 Nostri
3045 3630 3285 3701 comite
3314 3679 3338 3715 ,
3371 3652 3576 3723 quam
3610 3650 3678 3699 ex
3717 3643 3804 3694 mc

914 3730 1183 3805 difoetis.
1243 3729 1411 3813 Hic,
1447 3726 1595 3799 data
1615 3775 1638 3812 ,
1690 3722 2027 3801 ocoefione
2051 3776 2074 3814 ‚
2117 3722 2381 3802 curiosis
2408 3753 2543 3799 non
2571 3724 2949 3821 gravabitur
3000 3751 3329 3820 exponere
3350 3774 3378 3813 ,
3420 3752 3626 3821 quam
3650 3722 3803 3805 utile,

916 3852 1247 3925 quamque
1294 3820 1738 3901 honorfficum
1760 3820 1884 3895 fibi
1905 3822 2104 3897 fuerit
2128 3876 2150 3911 ‚
2197 3847 2353 3899 curn
2392 3833 2537 3901 Bux
2549 3830 2718 3922 tmfio
2749 3826 2871 3897 iter
2898 3821 3105 3898 feciffe
3128 3853 3150 3895 .-
3207 3844 3522 3919 quantam
3573 3828 3694 3897 hoc
3711 3843 3811 3892 no·

913 3953 1072 4003 men
1119 3923 1764 3998 commendationem
1803 3920 2052 4017 ubique
2104 3924 2401 4015 gentium
2445 3920 2791 3996 habuerit:
2827 3942 3149 4017 quantum
3184 3924 3465 3997 valuerit
3506 3926 3593 3996 ad
3627 3918 3820 3995 omnia

914 4027 1154 4124 palatia
1178 4073 1202 4110 ‚
1251 4020 1520 4115 collegia
1542 4072 1564 4107 ,
1593 4017 1895 4094 coenobia
1919 4047 1946 4102 ‚-
1972 4019 2054 4091 ad
2089 4022 2313 4091 omnia
2359 4022 2825 4116 gazophylacia
2848 4072 2875 4110 ‚
2916 4025 2980 4095 &
3031 4018 3462 4096 cimeliarchia
3485 4051 3516 4106 ,·
3572 4022 3656 4095 ad
3700 4041 3823 4092 om·

915 4150 1033 4202 nes
1070 4119 1502 4196 Bibliothecas
1538 4168 1561 4206 ‚
1611 4118 1695 4190 ad
1739 4116 1962 4188 omnia
2009 4115 2360 4189 doctorum
2400 4121 2701 4194 virorum
2737 4119 2956 4195 musea
3008 4122 3073 4193 &
3119 4118 3344 4192 scrinia
3366 4172 3390 4209 ,
3435 4123 3576 4193 imo
3613 4119 3689 4194 ad
3711 4112 3827 4211 iplir

917 4226 1160 4299 horum
1197 4223 1466 4315 pectora
1503 4211 2093 4311 peregrinatoribus
2133 4214 2361 4288 nostris
2398 4217 2803 4292 recludenda.
2892 4223 3122 4309 Qam
3143 4219 3334 4291 avide
3364 4218 3580 4293 noster
3615 4240 3824 4311 expec-

896 4341 1096 4396 -tatus
1117 4370 1143 4408 ‚
1176 4343 1378 4414 quam
1407 4332 1699 4395 amanter
1726 4314 1790 4385 &
1827 4311 2188 4387 honorifice
2234 4334 2542 4410 exceptus
2587 4312 2668 4389 fit
2689 4365 2712 4401 ‚
2761 4318 2990 4389 Bernae
3021 4319 3350 4411 praecipue
3399 4316 3485 4392 ab
3537 4325 3832 4391 'Hamme-

916 4422 1021 4505 lio,
1039 4416 1399 4494 Lausannae
1433 4415 1471 4486 a
1494 4414 1758 4487 Mie'llero
1781 4415 1846 4486 &
1880 4412 2309 4486 Scbaenauero:
2340 4414 2639 4486 Genevae
2662 4418 2700 4483 a
2727 4418 3117 4508 Mestrezatie
3136 4467 3161 4500 ‚
3197 4424 3524 4488 Turretino
3551 4420 3615 4488 &
3664 4425 3832 4487 Tron-

917 4520 1089 4597 chine
1109 4570 1133 4605 ‚
1182 4514 1468 4589 Lutetiae
1502 4512 1538 4582 ὲ
1576 4511 1823 4586 Dauaeis
1848 4562 1873 4599 ‚
1917 4518 2099 4584 Moro
2123 4513 2189 4585 δι
2220 4508 2460 4604 Justeffo
2494 4563 2519 4601 ‚
2557 4550 2560 4555 ·
2589 4508 2861 4604 ipsisque
2902 4514 3068 4585 adeo
3111 4510 3486 4586 Sorbonicis
3526 4516 3831 4588 Dodlori-

925 4615 1052 4693 bus
1085 4666 1112 4704 ‚
1141 4618 1231 4695 ,ἃ
1263 4609 1896 4705 inter‚eo§„inprimis
1918 4608 1962 4682 a
2005 4610 2358 4700 CapeHano:
2409 4609 2699 4705 Trajecii
2728 4613 2774 4683 a
2797 4617 2999 4689 Vama
3030 4658 3058 4700 ,
3118 4609 3342 4704 Effem‘o
3367 4662 3391 4699 ‚
3440 4614 3716 4688 Netheno
3770 4614 3829 4683 δε

2173 4762 2190 4781 2
3603 4734 3831 4804 magno
