4188 5670
923 377 1066 462 335
1960 323 2800 421 Lucri-onus

878 584 887 592 ·
918 552 1187 627 natione
1236 523 1534 638 cognosci
1573 534 1787 631 potest
1838 559 1864 614 ‚·
1901 530 2062 626 quid
2108 554 2391 626 quaeque
2442 521 2649 600 verba
2687 518 3068 618 significent.
3177 515 3375 620 Unde
3415 521 3861 619 ‘consequens

921 650 1013 724 est
1063 655 1105 733 ,'
1138 645 1220 718 ad
1269 638 1714 716 definiendum
1771 650 2069 705 accurate
2139 629 2440 702 omniurn
2490 627 2794 699 locorum
2846 619 3122 708 sensum,
3155 620 3567 714 Scriptorum
3613 626 3867 697 Sacro-

900 761 1072 823 rum
1177 742 1502 833 Linguam
1563 730 2045 828 intelligendam
2121 724 2246 826 effe
2269 778 2294 815 ,
2355 753 2423 800 v.
2490 750 2554 819 g.
2597 717 3000 810 Hebraicam
3025 769 3049 806 ,
3111 719 3466 793 Graecam:
3543 721 3860 818 Lingua:

902 848 1104 928 enim
1157 843 1268 912 has
1317 835 1669 928 intelligere
1694 883 1719 919 ,
1772 831 1929 901 nihil
1970 819 2156 924 aliud,
2194 826 2286 902 est
2306 877 2331 914 ,
2384 847 2589 920 quam
2628 817 3016 916 cognoscere
3055 867 3084 906 ,
3131 817 3214 890 ad
3257 817 3414 913 quid
3466 814 3864 914 significan-

901 946 1079 1020 dum
1103 990 1127 1026 ,
1161 931 1487 1012 Hebraice
1520 935 1602 1004 ἃ
1642 933 1881 1004 Graece
1948 927 2292 1021 loquentes
2338 918 2564 998 verba
2612 972 2635 1008 ,
2698 914 2939 1013 quibus
2993 935 3296 1004 utuntur,
3359 915 3864 995 determinave-

901 1034 1103 1119 vrint3
1166 1031 1370 1108 verba
1419 1032 1711 1125 intelligo
1752 1052 1891 1099 non
1928 1045 2196 1123 tantum
2248 1019 2499 1120 singula
2541 1069 2592 1107 ,.
2625 1016 2735 1094 sed
2786 1017 2892 1087 vel
2939 1016 3266 1110 praecipue
3313 1014 3603 1108 integras
3663 1018 3860 1108 [Ἆπις

903 1136 1336 1232 loquutionec
1376 1127 1736 1224 &phrases
1761 1177 1785 1213 ,
1836 1144 1912 1198 ut
1940 1141 2241 1206 vooent3
2294 1149 2430 1219 qno
2476 1117 2728 1193 faciunt
2800 1117 2863 1186 ἃ
2912 1112 3350 1210 proverbiales
3398 1114 3788 1187 locutiones
3823 1171 3850 1207 ,

904 1242 988 1314 ,δι
1014 1234 1250 1332 figurae
1290 1247 1478 1304 certis
1505 1227 1775 1323 populis
1816 1221 2178 1297 familiares.
2281 1277 2288 1282 .

1126 1389 1305 1460 Cum
1346 1406 1502 1452 vero
1542 1401 1752 1451 errare
1797 1373 2136 1469 potuerint
2184 1372 2253 1459 ii,
2296 1371 2412 1464 qui
2478 1368 2879 1463 scripturam
2913 1369 2976 1442 S.
3023 1366 3093 1438 in
3120 1367 3273 1442 alias
3327 1369 3582 1463 linguas
3643 1371 3852 1445 tranf-

925 1493 1217 1565 tulerunt
1249 1512 1274 1564 ,-
1321 1478 1626 1552 videmus
1682 1483 2005 1570 quantum
2047 1469 2145 1556 ad,
2178 1468 2633 1544 certitudinem
2686 1465 2898 1539 sensus
2928 1468 2989 1541 S.
3047 1467 3400 1561 Scripturae
3430 1465 3850 1564 consequen·

910 1586 1084 1662 *dam
1124 1577 1414 1655 conferat
1439 1629 1463 1664 ,
1510 1577 1760 1669 linguas
1794 1569 2156 1668 originales,
2211 1566 2453 1662 quibus
2501 1567 2660 1652 nim.
2710 1562 2830 1660 ipsi
2886 1566 3241 1657 Scriptores
3317 1568 3379 1641 S.
3436 1563 3682 1659 scripta
3734 1565 3842 1643 sua

924 1689 1220 1782 primum
1263 1672 1813 1771 consignaverunt
1832 1713 1862 1759 -,
1913 1667 2204 1763 cognitas
2249 1662 2491 1739 habete
2531 1693 2552 1745 3
2606 1667 2672 1737 ἃ
2722 1666 2875 1757 quia
2936 1663 3018 1736 ad
3068 1664 3181 1764 has
3232 1666 3485 1758 linguas
3554 1665 3842 1758 pen-fe&

924 1778 1249 1859 discendas
1300 1800 1436 1849 non
1468 1792 1574 1846 tot
1623 1769 1901 1844 subfidia
1953 1762 2146 1839 nobis
2182 1764 2374 1837 hodie
2423 1758 2761 1857 supersunt
2801 1813 2825 1849 ,
2888 1787 3086 1855 quam
3126 1761 3210 1835 ad
3255 1765 3383 1836 hoc
3432 1762 3590 1837 eflet
3635 1765 3836 1837 neces.

923 1883 1206 1958 sarium
1249 1869 1530 1946 efficitur
1578 1872 1777 1959 inde,
1835 1867 2072 1941 multas
2115 1862 2438 1940 locorum·
2479 1861 3039 1954 interpretationes
3094 1858 3336 1933 dubias
3377 1861 3524 1951 effe,
3559 1863 3629 1933 &
3682 1865 3833 1935 tales

922 1997 1241 2080 perpetuo
1285 1972 1586 2049 fumras3
1635 1994 1789 2063 quae
1834 1984 2105 2051 tamen,
2157 1987 2311 2036 cum
2339 1962 2494 2034 nihil
2537 1962 2912 2033 contineant
2953 1959 3036 2031 ad
3075 1959 3343 2032 salutem
3362 1957 3528 2037 scitu
3569 1959 3826 2033 neceffi-

924 2083 1097 2159 rium
1115 2125 1140 2161 ,
1183 2069 1365 2165 quod
1418 2068 1690 2161 quidem
1729 2063 1989 2138 aliunde
2032 2085 2119 2135 ex
2157 2064 2488 2156 Scriptura
2538 2054 2837 2169 cognosci
2883 2077 3162 2151 nequeat
3216 2109 3244 2148 ,
3293 2056 3450 2132 fidei
3524 2058 3825 2160 Christia-

925 2202 1034 2260 nae
1080 2172 1238 2248 nihil
1284 2169 1620 2262 derogant.
2595 2172 2600 2178 ·
3557 2203 3566 2213 .
3695 2203 3702 2208 -

924 2379 929 2384 -
1125 2326 1251 2401 Sed
1275 2321 1483 2417 quaeri
1502 2321 1606 2394 hic
1628 2314 1864 2413 potest,
1909 2339 2075 2390 num
2110 2313 2344 2408 igitur,
2385 2314 2502 2407 qui
2519 2303 2843 2384 Hebraico
2868 2314 2934 2383 δε
2972 2310 3210 2383 Graece
3236 2307 3557 2400 nesciunt,
3578 2316 3662 2385 de
3675 2318 3809 2386 nul.

929 2427 1053 2501 lius
1101 2426 1229 2498 loci
1263 2420 1790 2514 interpretatione
1838 2413 1994 2488 certi
2020 2409 2140 2484 effe
2180 2432 2421 2507 queant
2461 2408 2510 2492 3
2551 2405 2879 2482 Videntur
2927 2434 3062 2480 non
3099 2406 3276 2502 poffe
3321 2457 3346 2491 ,
3383 2436 3526 2504 eumq
3567 2412 3804 2483 nullam

927 2522 1528 2618 interpretationem
1579 2516 1659 2588 ad
1704 2511 1918 2586 fontes
1943 2559 1962 2587 ‚
2006 2535 2295 2605 quorum
2347 2509 2550 2604 ignari
2590 2504 2759 2592 sunt,
2793 2506 3162 2580 examinare
3214 2531 3473 2601 queant,
3547 2507 3648 2580 Est
3692 2533 3806 2581 au-

927 2643 1067 2698 tem
1106 2645 1191 2695 ex
1239 2614 1533 2693 fontibus
1569 2614 1650 2687 de
1683 2609 1992 2686 omnibus
2040 2608 2483 2701 judicandum.
2562 2605 2755 2678 Hanc
2797 2602 3240 2700 objectionem
3264 2604 3474 2682 &nobis
3499 2604 3652 2700 saepe
3677 2631 3808 2680 mo.

930 2743 1093 2797 vent
1123 2713 1449 2793 Pontificii
1473 2767 1497 2803 ,
1550 2732 1627 2786 ut
1673 2714 1795 2784 hac
1827 2713 2078 2794 ratione
2128 2704 2321 2779 nobis
2354 2721 2791 2796 extorqueant
2834 2755 2859 2789 ,
2902 2702 3285 2798 infallibilem
3337 2706 3680 2800 Scripturae
3728 2715 3815 2780 in·

882 2819 891 2903 J
928 2833 1242 2914 terpretem
1266 2869 1292 2906 ,
1339 2812 1680 2906 Ecclesiam,
1726 2809 2024 2883 videlicet
2077 2807 2417 2880 Concilium
2437 2857 2459 2893 ,
2516 2804 2621 2876 vel
2649 2810 2894 2896 Papam,
2947 2825 3146 2894 quem
3171 2868 3172 2871 ,
3194 2802 3480 2878 illiterati
3525 2808 3815 2882 homines

931 2915 1065 2989 fine
1103 2918 1405 2990 examine
1457 2912 1634 3006 sequi
1678 2905 1987 3006 poffint,
2024 2906 2108 2979 ad
2149 2900 2302 2976 fidei
2343 2904 2795 2976 certitudinem
2846 2898 2964 2973 effie
3016 2898 3453 2973 neceffarium.

1122 3063 1272 3134 Nos
1306 3061 1571 3153 quidem
1599 3059 1788 3130 facile
1832 3054 2238 3150 agnoscimus
2263 3075 2294 3141 ,·
2319 3057 2693 3148 linguarum
2722 3057 3156 3150 originalium
3204 3067 3450 3154 petitos
3471 3062 3556 3134 de
3610 3063 3820 3136 multis

889 3216 895 3222 -
931 3163 1164 3237 wrtius
1185 3159 1502 3253 judicium
1527 3155 1692 3247 ferre
1732 3151 1931 3253 pofl'e,
1959 3176 2163 3247 quam
2214 3176 2440 3249 earum
2482 3152 2710 3233 rudes‚·
2741 3177 3206 3251 magnamque,
3230 3160 3300 3230 in
3331 3160 3819 3253 interpretandis

929 3263 1259 3359 praecipue
1330 3257 1489 3329 locis
1523 3248 1894 3326 difficilibus
1919 3304 1942 3338 ,
1981 3253 2048 3324 &
2092 3248 2506 3341 dijudicanda
2583 3247 2961 3326 versionum
3024 3251 3334 3330 fidelitate
3365 3307 3389 3344 ,
3441 3256 3558 3331 effi:
3592 3281 3820 3330 eorum

929 3354 1459 3455 praerogativam.
1502 3390 1507 3396 ·
1540 3354 1646 3425 Ex
1668 3375 1749 3425 eo
1787 3374 2010 3425 tamen
2048 3348 2230 3422 nullo
2258 3349 2467 3420 modo
2505 3349 3031 3425 concludendum
3068 3353 3213 3442 est,
3277 3358 3564 3427 homines
3633 3355 3820 3430 inite..

888 3480 1120 3534 2ratos-
1159 3457 1242 3533 de
1280 3479 1448 3528 ‚vero
1489 3449 1671 3525 sensu
1717 3475 2003 3536 eorum,
2047 3472 2200 3542 quae
2229 3448 2311 3521 ad
2341 3445 2613 3520 salutem
2663 3443 2812 3522 sunt
2860 3450 3196 3525 neeeffaria
3221 3504 3243 3541 ,
3290 3456 3500 3526 minus
3528 3454 3652 3528 effe
3696 3479 3822 3526 cer·

927 3574 1034 3628 tos
1057 3607 1082 3642 ,
1118 3578 1319 3649 quam
1357 3553 1589 3624 ‹1on
1621 3551 1686 3621 &
1718 3551 2089 3643 linguarum
2127 3548 2386 3639 peritos.
2461 3544 2674 3631 Nam,
2707 3566 2980 3647 utnunc
3027 3570 3277 3624 taceam
3305 3553 3387 3624 de
3429 3554 3820 3627 certitudinis

927 3653 1133 3747 gradu
1161 3701 1186 3738 ,
1232 3650 1457 3744 quiex
1484 3643 1899 3740 dispofitione
1927 3645 2190 3736 subjeffl
2218 3643 2577 3738 dependetz
2631 3641 2942 3738 dogmata
2992 3646 3147 3721 fidei
3177 3648 3515 3725 neceffaria
3545 3672 3691 3726 enm
3708 3646 3845 3748 cla..

926 3774 999 3822 re
1032 3750 1312 3824 &toties
1364 3748 1433 3818 in
1484 3748 1549 3820 S.
1606 3745 1934 3836 Scriptura
1982 3742 2329 3815 traduntur
2378 3793 2405 3829 ,
2457 3761 2534 3813 ut
2586 3743 2918 3817 moraliter
2961 3743 3356 3840 impoffibile
3417 3744 3502 3823 fit
3528 3800 3555 3838 ,
3600 3773 3821 3824 omnen

926 3848 1306 3943 interpretes
1321 3852 1355 3931 ,'
1393 3869 1560 3935 quos
1605 3841 1803 3913 etiam
1847 3840 2184 3911 illiteratus
2230 3838 2560 3912 consulere
2610 3840 2866 3930 potest,
2926 3845 3124 3940 idque
3149 3844 3461 3921 omnibus
3508 3851 3580 3922 in
3629 3849 3821 3934 locis,

927 3942 1050 4017 ubi
1093 3942 1439 4015 traduntur
1470 3991 1496 4028 ,
1543 3942 1612 4012 in
1661 3933 1956 4013 versione
1995 3960 2206 4008 errare
2249 3935 2520 4030 potuisse
2542 3964 2568 4018 ,-
2608 3935 2745 4010 imo
2788 3965 2998 4015 errare
3037 3968 3175 4017 non
3235 3964 3499 4018 tantum
3545 3948 3648 4020 in⁴
3678 3946 3768 4019 his
3793 3993 3821 4031 ‚

926 4040 1269 4125 sedetiam
1315 4031 1844 4109 antecedentibus
1887 4034 1952 4107 &
2003 4031 2544 4128 consequentibus
2598 4082 2628 4119 ‚
2668 4059 2820 4109 cum
2856 4041 3093 4135 quibus
3127 4042 3252 4115 hoc
3298 4042 3575 4120 demum
3652 4040 3822 4117 sensu

928 4140 1177 4235 optime
1217 4136 1587 4221 cohaerent,
1640 4131 2098 4205 transferendis
2123 4160 2144 4212 ς
2170 4133 2612 4227 Praeterquam
2651 4137 2828 4226 quod
2880 4138 2987 4210 illa
3021 4138 3335 4234 dogmata
3355 4143 3427 4215 in
3481 4141 3545 4214 se
3585 4139 3823 4238 aliquid

925 4239 1212 4322 habeant
1233 4284 1258 4323 ,
1308 4233 1489 4327 quod
1531 4229 1876 4323 cujuslibet
1920 4231 2200 4321 hominis
2248 4231 2634 4314 conscientia
2683 4231 2956 4311 mirifice
2998 4238 3439 4314 commendat.
3597 4242 3734 4315 uod
3774 4234 3824 4312 fi

924 4336 1081 4407 huic
1127 4350 1390 4429 quoque
1428 4330 1713 4416 accedit,
1761 4329 1940 4424 quod
1981 4354 2062 4401 ne
2088 4326 2205 4423 ipsi
2255 4328 2520 4424 quidem
2572 4330 2963 4420 adversarii,
3011 4359 3392 4429 quanquam
3441 4243 3819 4434 ing-ogma-

924 4430 1106 4506 tibus
1136 4433 1174 4503 a
1206 4428 1400 4504 nobis
1440 4425 1844 4514 diffentiant,
1901 4450 2037 4498 non
2086 4448 2308 4500 tamen
2356 4428 2666 4507 damnare
2704 4426 2984 4522 {poffunt
3022 4431 3424 4509 vctslonum·
3456 4436 3825 4512 nostrarum

923 4526 1125 4606 fidem
1153 4581 1177 4618 ,
1224 4530 1301 4602 in
1348 4525 1592 4621 quibus
1639 4548 1715 4599 ea
1764 4521 1954 4598 nobis
1988 4527 2158 4597 tradi
2191 4526 2493 4598 videntur
2540 4555 2567 4611 ‚-
2601 4526 2740 4602 imo
2783 4523 2834 4598 fi
2878 4528 3034 4622 ipsae
3083 4557 3350 4625 quoque
3402 4558 3644 4608 eorum
3684 4559 3820 4607 ver-

838 4634 843 4639 ’
917 4627 1131 4706 fiones
1165 4625 1260 4707 ibi
1312 4651 1466 4703 cum
1501 4623 1733 4711 nostris
1776 4622 2214 4722 concordant}
2254 4648 2393 4699 non
2442 4623 2635 4699 video
2653 4674 2679 4721 ,
2726 4626 2882 4727 quid
2920 4628 3004 4703 ad
3048 4631 3506 4707 certitudinem
3570 4630 3809 4709 versio-

3724 4750 3823 4801 nu
