4188 5670
1500 171 1642 293 nn
1737 187 2395 308 Lon-carin·
3074 224 3280 321 ‘389

254 397 257 400 ’
363 392 748 481 οδὶἰτοέεθέ
769 448 792 486 ,
846 390 1189 473 Verisimile
1213 395 1303 470 est
1331 412 1351 464 2
1411 390 1496 469 fle
1527 398 1702 471 enim
1732 399 2019 492 plerique
2043 393 2299 470 fuissent
2317 389 2800 490 {cesiotprorfiis
2829 394 2980 470 facti
3010 447 3032 482 ‚
3088 401 3257 476 haec-

363 529 490 596 que
515 501 729 594 potins
751 497 1008 569 ademtio
1046 497 1412 590 linguarum
1442 493 1651 567 ffiiffet
1669 547 1687 580 ,
1751 520 1950 588 quam
1976 490 2296 580 confusio.
2348 490 2523 585 Ergo
2547 545 2571 580 ‚
2624 491 2675 565 fi
2711 497 2815 567 hic
2840 496 3079 589 aliquid
3107 524 3261 570 con.

357 601 551 691 jicere
593 600 738 668 licet
759 646 784 681 ,
838 595 1155 668 credimus
1187 643 1211 679 ,
1250 590 1586 686 plerosque
1629 594 1895 665 illorum
1936 595 2291 665 hominum
2316 642 2341 677 ,
2388 593 2652 663 retentis
2675 590 2892 684 priscis
2919 593 3257 668 vocabulis

358 722 593 769 earum
621 717 836 766 rerum
862 744 887 779 ,
934 716 1090 785 quae
1141 692 1207 761 in
1235 693 1353 762 hac
1371 687 1546 761 urbis
1590 690 1907 785 turrisque
1956 690 2298 762 molitione
2320 706 2508 760 erant
2535 687 2917 775 neceffiuiae,
2971 692 3258 783 pristinae

359 789 845 887 fignificationis
887 789 1250 880 eorundem
1282 785 1494 858 subito
1549 786 1834 874 oblitos,
1886 813 1963 859 ea
1996 785 2334 874 vocabula.
2351 785 2486 856 aliis
2536 785 2732 857 rebus
2757 839 2780 873 ,
2830 805 3030 880 atque
3067 791 3269 861 alium

362 892 632 985 quidem
658 889 806 959 huic
833 938 854 972 ,
917 886 1261 967 alium·alii
1313 883 1546 977 aptafl'e
1586 912 1605 964 ς
1671 910 1805 978 quo
1845 884 1993 957 sane
2027 887 2229 957 modo
2256 883 2429 956 haud
2451 880 2580 956 scio
2616 909 2701 955 an
2727 886 2975 979 quidqu
2996 909 3082 956 =m
3116 911 3269 959 cum

354 992 483 1061 hac
528 989 953 1080 appellatione
984 980 1377 1056 confusionis
1399 983 1796 1076 linguarum,
1828 985 1919 1055 ita
1956 984 2133 1055 enim
2160 981 2341 1077 quod
2376 1003 2523 1054 tum
2552 986 2920 1078 contigerat
2945 993 3264 1060 vocatur»

363 1087 601 1160 melius
628 1083 998 1157 conveniat.
1632 1115 1639 1122 ·
3207 1097 3220 1102 “

442 1304 451 1309 ,
564 1224 796 1295 Potuit
842 1220 1154 1293 autemid
1203 1216 1343 1291 fieri
1371 1213 1689 1290 leviss'ima
1715 1217 1999 1311 quadam
2029 1215 2274 1291 cerebri
2327 1219 2704 1294 mutatione
2724 1272 2748 1307 ,
2815 1221 2852 1291 a
2892 1222 3078 1313 cujus
3104 1237 3277 1294 certa

361 1317 784 1413 dispolitione
806 1322 950 1392 haec
976 1342 1221 1391 vocum
1251 1342 1403 1391 cum
1424 1315 1620 1387 rebus
1664 1312 2030 1410 fignificatis
2076 1319 2451 1408 conjunctio
2478 1317 2800 1411 dependet
2834 1370 2858 1405 ,
2910 1344 3063 1408 quae
3098 1345 3274 1390 non-

362 1443 709 1511 nunquam
754 1416 998 1490 morbis
1046 1419 1243 1510 etiam
1268 1467 1290 1501 ‚
1331 1412 1694 1507 praesertim
1725 1413 2065 1514 apoplexia
2097 1439 2173 1486 ac
2204 1412 2538 1501 fimilibus,
2572 1415 2820 1488 diffolvi
2855 1415 3031 1488 solet.
3110 1418 3274 1489 Non

362 1513 548 1587 fuiss‘e
603 1538 823 1588 autem
857 1516 1306 1586 omnimodam
1358 1514 1741 1605 linguarum.
1781 1514 2215 1585 mutationem
2240 1564 2267 1598 ,
2344 1514 2450 1585 vel
2475 1515 2707 1586 exinde
2732 1511 2946 1608 colligi
2968 1510 3139 1607 poss'e
3165 1516 3266 1584 vi·

363 1614 619 1699 detur,
684 1613 864 1705 quod
912 1615 1234 1703 pleraeque
1288 1612 1570 1701 linguae3
1640 1608 1997 1702 praesertim
2043 1613 2334 1703 antiquae
2353 1662 2377 1696 ,
2450 1635 2755 1706 magnam
2811 1613 3095 1685 habeant
3118 1635 3310 1698 cum‘

363 1710 666 1784 Hebraea
695 1705 1122 1793 affinitatem,
1170 1710 1389 1800 quales
1430 1706 1576 1779 sunt
1630 1709 1792 1799 Syra
1828 1758 1852 1794 ‚
1915 1708 2264 1779 Chaldaioe
2286 1759 2310 1793 ,
2354 1710 2686 1783 Cananaea
2718 1706 2850 1782 sive
2894 1710 3219 1781 Phoenicia
3244 1757 3274 1795 ,
3307 1763 3310 1766 ι

363 1809 613 1881 Punica
632 1860 657 1895 ,
712 1809 1074 1901 AEthiopica
1093 1858 1115 1891 ‚
1193 1807 1572 1899 AEgyptiaca
1600 1855 1621 1888 ,
1693 1808 1813 1877 διο.
1923 1804 2027 1875 Ex
2068 1830 2204 1898 quo
2252 1801 2534 1880 efficitur
2587 1832 2725 1879 non
2757 1808 2922 1880 adeo
2969 1831 3276 1900 magnam

363 1904 553 1978 firiffe
583 1903 670 1977 ab
696 1907 885 1977 initio
912 1908 1078 1976 hanc
1131 1904 1500 1999 linguarum
1557 1896 2028 1988 differentiam,
2085 1905 2153 1975 ἃ,
2205 1928 2338 1975 non
2389 1900 2507 1976 nisi
2559 1925 2811 1978 tantam
2841 1957 2864 1993 ‚
2912 1924 3153 1998 quanta
3191 1906 3316 1977 ad.

365 2004 863 2097 impediendum
894 2003 1199 2073 stolidum
1218 2004 1564 2074 hominum
1592 2021 1943 2088 conatum,
1980 2025 2217 2094 eosque
2246 2002 2328 2073 de
2363 2003 2422 2070 D
2443 2022 2529 2074 ΕΙ
2547 2000 2848 2091 consilio,
2875 2028 3010 2096 quo
3042 2000 3281 2096 disper<

357 2099 470 2176 sos
496 2125 610 2172 eos
636 2103 706 2171 in
740 2100 948 2171 varias
980 2098 1207 2171 mundi
1253 2117 1462 2193 partes
1490 2095 1607 2170 effe
1639 2096 1918 2171 volebat.
1975 2149 2001 2185 ,
2056 2097 2746 2173 commonefaciendus
2811 2101 2956 2173 satis
2990 2118 3146 2172 erat·

566 2242 923 2337 Postquam
946 2245 1114 2316 verb
1138 2246 1203 2316 in
1242 2243 1423 2315 'varia
1452 2264 1643 2316 terrae
1686 2246 1941 2316 climata
1979 2240 2464 2329 concesserunt,
2510 2265 2706 2337 atque
2755 2245 3130 2338 aliquandiu
3168 2241 3274 2332 alii

371 2335 463 2410 ab
501 2341 785 2436 aliorum
832 2342 1163 2415 consortio
1201 2341 1468 2435 separati
1492 2346 1846 2427 vixerunt,
1895 2339 2080 2412 brevi
2133 2362 2434 2433 tempore
2493 2342 2558 2412 in
2629 2342 3024 2414 immensum
3072 2339 3279 2411 crevit

371 2436 748 2532 linguarum
775 2442 1054 2512 varietas
1078 2490 1100 2524 ‚
1159 2439 1439 2530 eousque
1468 2460 1544 2511 ut
1594 2441 1870 2532 denique
1898 2441 1979 2508 *in
2009 2463 2211 2529 parva
2257 2441 2473 2532 aiiqua
2510 2442 2775 2537 regione
2808 2465 3042 2532 magna
3085 2436 3283 2509 fuerit

369 2534 751 2626 linguarum
773 2535 1105 2607 diversitas
1156 2536 1533 2621 observata,
1579 2561 1656 2608 ac
1694 2559 2170 2626 nonnunquam
2193 2533 2510 2625 quael-ibet
2546 2535 2702 2606 urbs
2727 2537 3030 2629 peculiari
3073 2534 3186 2604 sua
3208 2557 3285 2603 ac

382 2633 648 2721 propria
690 2632 911 2722 lingua
976 2629 1294 2723 gaudeat3
1352 2634 1563 2702 immo
1612 2634 1811 2703 etiam
1849 2633 2061 2725 platea
2113 2632 2178 2700 8:
2209 2633 2393 2701 vicus
2417 2681 2441 2716 ,
2537 2633 2725 2722 cujus
2775 2633 3154 2726 exemplum
3207 2633 3279 2701 in

380 2725 602 2797 nostra
648 2727 953 2797 Helvetia
985 2726 1350 2806 habemus3
1403 2726 1518 2800 ubi
1544 2733 1853 2821 parvulus
1879 2726 2152 2821 quando
2176 2729 2355 2797 rivus
2379 2752 2518 2798 non
2563 2748 2762 2800 terras
2786 2730 2990 2801 modo
3026 2728 3133 2800 sed
3157 2728 3277 2802 lin-

388 2847 553 2918 guas
585 2818 784 2896 ethim
810 2825 1062 2897 dividit.

584 2928 980 3013 Qanquam
1006 2922 1166 2993 verb
1192 2925 1332 2994 haec
1358 2923 1580 2996 omnia
1599 2971 1625 3008 ,
1661 2944 1814 3013 quae
1838 2971 1861 3004 ,
1917 2921 1999 2992 de
2025 2922 2144 3006 hac
2176 2917 2569 2992 confusionis
2594 2922 2962 3016 linguarum
2987 2922 3269 3013 historia,

379 3039 571 3091 extra
594 3019 794 3090 sacras
837 3021 1047 3091 literas
1071 3020 1370 3092 dicuntur
1398 3073 1420 3106 ,
1463 3044 1660 3091 merae
1708 3018 2104 3107 conjecturae
2132 3015 2613 3111 videri-poffint
2627 3049 2652 3102 ,-
2705 3021 2861 3107 illud
2891 3041 3111 3094 tamen
3139 3047 3273 3094 cer-

378 3136 534 3188 tum
639 3116 730 3187 est
776 3167 797 3200 ,
852 3120 1269 3189 vehementer
1318 3145 1427 3189 eos
1475 3141 1702 3188 omnes
1746 3141 2002 3201 errare,
2064 3119 2178 3210 qui
2209 3117 2291 3187 de
2323 3114 2526 3187 caulsa
2584 3135 2788 3190 tantae
2820 3169 2842 3203 ,
2897 3144 3097 3211 quam
3147 3122 3267 3190 ho-

376 3215 487 3286 die
514 3214 851 3298 videmus,
909 3217 980 3285 in
1006 3216 1236 3308 linguis
1279 3218 1598 3286 varietatis
1618 3214 2000 3307 interrogati
2026 3265 2048 3298 ‚
2103 3215 2362 3306 culpam
2397 3215 2586 3304 hujus
2615 3226 2709 3285 rei
2743 3239 3014 3287 omnem
3043 3219 3113 3287 in
3132 3236 3272 3287 tut-

380 3315 515 3383 rim
544 3310 734 3381 Babel
765 3310 955 3383 confe
988 3332 1110 3383 unt
1142 3335 1154 3372 t
1202 3314 1459 3403 perinde
1490 3337 1600 3396 ac,
1627 3308 1746 3381 nisi
1774 3310 2067 3381 insanum
2086 3311 2253 3382 istud
2289 3308 2630 3384 confilium
2657 3311 2837 3404 prisci
2862 3314 2950 3384 illi
2976 3315 3273 3386 hominen

381 3405 707 3487 iniiffent‚
751 3432 978 3480 omnes
1028 3409 1222 3499 hodie
1264 3411 1489 3481 eadem
1532 3409 1749 3502 lingua
1788 3405 2038 3481 fuiffent
2065 3408 2257 3480 usuri.
2326 3409 2504 3480 Nam
2540 3408 2684 3479 sane
2710 3461 2732 3494 ,
2786 3406 3039 3481 tametsi
3074 3436 3273 3485 nemo

382 3529 732 3597 nunquam
779 3507 858 3577 de
900 3507 1140 3579 excelsa
1183 3511 1299 3578 hac
1340 3508 1501 3593 turri
1540 3505 1923 3578 exstruenda
1969 3503 2295 3598 cogitasset
2320 3542 2375 3590 ,·
2424 3507 2626 3576 nihilo
2674 3525 2894 3578 tamen
2945 3509 3270 3582 minorem

380 3604 588 3676 hodie
625 3604 991 3693 linguatum
1041 3602 1478 3675 diver-litatem
1536 3605 1925 3676 haberemus
1952 3654 2008 3688 ‚r
2054 3605 2117 3673 ἃ
2162 3601 2490 3673 summum
2533 3600 2681 3676 eflet
2723 3606 3111 3678 miraculum
3140 3659 3162 3694 ‚
3219 3605 3271 3680 fi

385 3725 624 3772 omnes
650 3719 870 3791 gentes
903 3701 1123 3771 eadem
1147 3703 1364 3795 lingua
1392 3705 1829 3794 loquerentur.
1902 3696 2128 3773 Aufim
2154 3703 2348 3771 etiam
2381 3697 2712 3782 affirmare
2743 3754 2755 3777 ‚
2806 3728 3016 3796 neque
3034 3707 3273 3794 timec,

384 3822 477 3869 ne
514 3796 852 3888 quisquam
892 3800 1133 3868 erroris'
1176 3823 1278 3870 me
1312 3823 1681 3891 coarguat,
1754 3798 1998 3870 nullam
2045 3820 2270 3869 earum
2318 3800 2688 3892 linguarum
2713 3850 2737 3886 ,
2792 3821 2944 3893 quae
2977 3822 3274 3898 tempore

388 3891 800 3986 d.sperfionis
859 3892 1126 3966 fuerunt
1178 3946 1201 3982 ‚
1292 3899 1747 3990 qualiscunque
1796 3916 1940 3968 tum
2010 3894 2208 3968 fuerit
2266 3894 2572 3969 sermonis
2654 3902 2931 3971 mutatio
2957 3952 2980 3990 ,
3083 3905 3276 3975 hodie

386 3988 721 4084 supereffe.
835 3992 1075 4084 Neque
1130 3994 1302 4063 enim
1363 3995 1495 4063 illas
1560 3997 1808 4086 linguas
1842 3992 2147 4087 supereffe
2200 3994 2346 4066 dico
2374 4044 2393 4073 ‚
2462 4021 2611 4088 quae
2660 4022 2793 4067 non
2829 3994 2944 4067 nist
3005 4000 3280 4071 inlibris

390 4108 680 4174 extant,
758 4113 851 4161 ac.
887 4109 1227 4181 propterea
1272 4090 1470 4182 vulgo
1528 4112 1811 4162 mortuae
1859 4092 2303 4183 appellantium
2359 4116 2731 4186 quanquam
2785 4119 2991 4187 neque
3043 4100 3286 4168 harum·

395 4188 645 4269 ullam,
724 4182 773 4257 fi
831 4187 1227 4259 Hebraicam
1281 4189 1556 4280 excipias
1585 4237 1607 4272 ‚
1686 4187 2140 4280 antiquitatem
2203 4188 2383 4259 suam
2421 4190 2502 4261 ad
2543 4213 2842 4284 tempora
2893 4192 3286 4265 confusionis

391 4281 635 4355 referre
693 4286 944 4355 credere
1006 4283 1262 4377 possim.
1395 4287 1661 4359 Notum
1716 4284 1806 4356 est
1859 4335 1879 4369 ,
1956 4286 2243 4377 linguam
2296 4282 2781 4365 Germanorum
2861 4289 3236 4362 hodiernam
3262 4342 3290 4377 ,

393 4384 599 4452 etiam
635 4380 1004 4474 Belgicam,
1082 4386 1395 4459 manicam
1430 4436 1450 4470 ,
1531 4385 1865 4457 Suecicam
1893 4434 1914 4469 ,
1965 4383 2302 4475 Anglicam
2343 4386 2379 4454 a
2431 4386 2630 4476 prisca
2681 4385 3093 4469 Teutonica‚
3155 4410 3306 4459 uuae

392 4476 725 4569 nusquam
783 4480 1058 4575 amplius
1093 4480 1340 4569 exstat,
1415 4505 1588 4556 ortas
1630 4482 1771 4554 effe.
1880 4480 2145 4567 Italica,
2195 4478 2593 4577 Hispania,
2654 4479 2956 4564 Gallica,
3012 4481 3317 4553 Rhaetioe

530 4622 539 4631 ·
726 4590 745 4605 ·
1947 4578 2016 4652 D
2045 4579 2088 4649 d
2113 4579 2158 4653 d
3176 4596 3315 4642 ma-
