4188 5670
909 321 1126 403 92,
1315 298 1955 374 Dirssnr.
2067 313 2218 386 nn
2317 281 3358 372 Looonicit'rl'a

903 479 1096 578 deque
1139 495 1273 556 arte
1297 528 1321 565 ‚
1369 480 1535 567 cujus
1576 502 1692 549 non
1740 482 1941 550 minus
1972 523 1997 562 ‚
2021 490 2232 572 atque
2276 470 2646 567 disputantes
2672 519 2696 558 ,
2722 478 2957 566 peritus
2988 496 3047 545 es
3056 496 3083 554 ‚·
3112 485 3401 543 neutrum
3453 479 3659 540 tamen
3698 465 3799 540 a:

892 576 1284 670 sputantium
1333 578 1614 672 intelligis
1640 602 1657 645 τ
1683 600 1799 647 non
1826 574 1960 647 leve
1982 570 2086 645 hoc
2131 572 2531 668 Logomachiae
2575 570 2874 645 indicium
2925 572 3025 664 est.
3132 570 3340 662 Qod
3381 564 3433 642 fi
3466 569 3646 641 enim
3673 587 3749 639 tu
3774 616 3801 654 ,

907 676 1090 765 cujus
1139 676 1415 748 attentio
1461 675 1533 744 in
1572 700 1654 745 eo
1700 667 1836 744 solo
1876 669 1970 768 est
2018 691 2335 763 occupata
2366 720 2392 758 ‚
2445 692 2523 743 ut
2562 696 2739 744 nunc
2774 671 2968 764 hujus
2991 719 3016 756 ,
3064 694 3242 744 nunc
3287 670 3457 741 iuius
3509 683 3801 740 mentem

900 772 1255 866 intelligas,
1303 771 1461 843 nihil
1518 790 1738 842 tamen
1787 792 2018 843 eorum
2039 819 2064 857 ,
2113 794 2268 862 quae
2307 770 2482 843 ultro
2518 770 2814 863 citroque
2869 768 3175 842 dicuntur
3196 791 3225 856 ‚·
3263 769 3433 861 capis
3479 792 3505 836 τ
3568 790 3657 837 an
3702 765 3800 851 is,

841 904 866 924 -·
897 873 1015 963 qui
1062 873 1133 942 in
1175 863 1626 962 disputationis'
1660 867 1822 944 aestu
1865 864 2205 940 versatur:
2249 869 2433 962 cujus
2479 870 2759 941 attentio
2802 868 3155 960 plerunque
3180 870 3252 941 in
3283 867 3351 948 id
3400 868 3621 959 potius
3680 859 3799 948 fer÷

894 987 1004 1041 tur
1033 1019 1054 1055 ,
1106 968 1287 1062 quod
1321 964 1448 1061 ipse
1498 967 1708 1038 dicere
1756 965 1903 1037 vult
1926 1015 1951 1051 ‚
2001 990 2204 1058 quam
2247 968 2431 1062 quod
2485 964 2880 1040 adversarius
2930 967 3131 1046 dicit3
3192 964 3373 1056 cujus
3402 966 3626 1037 animo
3656 986 3796 1056 per-

893 1086 1099 1160 petuo
1143 1062 1526 1138 obversatur
1552 1065 1866 1136 vincentis
1889 1064 2027 1135 laus
2054 1112 2080 1150 ,
2103 1064 2392 1159 victique
2424 1064 2639 1156 pudor
2670 1091 2691 1134 t
2729 1088 2813 1135 an
2838 1065 2932 1148 is,
2979 1064 3247 1155 inquam
3278 1114 3302 1150 ,
3342 1063 3573 1146 melius
3596 1082 3796 1154 quam

890 1183 968 1238 tu
1013 1165 1291 1237 alterum
1328 1163 1680 1256 intelligere
1737 1160 1828 1234 est
1856 1161 2196 1258 putandus
2226 1162 2261 1233 ἓ
2310 1188 2393 1234 an
2437 1163 2527 1234 illi
2579 1158 2989 1254 perspicuum
3039 1159 3383 1234 videbitur·
3400 1208 3423 1246 ,
3472 1161 3651 1253 quo‘d
3670 1155 3795 1231 ‘tibi

859 1283 1029 1336 ‘tam
1068 1262 1329 1335 videtur
1384 1258 1741 1332 obscurum
1773 1311 1797 1346 ,
1850 1278 1927 1332 ut
1966 1259 2126 1330 illud
2164 1285 2389 1354 capere
2428 1284 2566 1332 non
2617 1254 2815 1353 pollis
2874 1259 2908 1330 ἓ
2980 1259 3188 1347 Qod
3263 1255 3313 1329 fi
3364 1284 3524 1330 vero
3591 1258 3791 1329 nihilo

745 1373 778 1408 ⁶
883 1362 1115 1433 melius
1165 1362 1326 1433 alter
1372 1356 1844 1452 disputantium
1907 1356 2190 1429 alterum
2239 1357 2537 1451 intelligit
2559 1407 2583 1443 ‚
2637 1382 2712 1430 ac
2757 1375 2833 1427 tu
2864 1356 3247 1429 alterutrius-
3267 1355 3649 1429 sententiam
3699 1359 3794 1430 in·

882 1459 1162 1552 telligis:
1214 1452 1495 1530 efficitur
1524 1506 1549 1542 ‚
1583 1454 2097 1550 disputationem
2148 1456 2660 1549 Logomachiam
2708 1452 2880 1533 effe5
2924 1452 3045 1526 nifi
3106 1452 3280 1527 forte
3310 1506 3333 1541 ,
3385 1453 3533 1526 casu
3585 1455 3796 1549 dispu-

879 1559 1167 1629 tantium
1211 1553 1555 1627 sententias
1602 1554 1853 1647 opponi
1892 1603 1915 1638 ,
1961 1552 2121 1624 velis
2156 1554 2387 1625 dicere.
2461 1553 2587 1626 Sed
2633 1550 3046 1626 neceflhrium
3078 1554 3238 1624 mihi
3291 1550 3636 1626 videbatur
3686 1554 3793 1626 ad-

876 1654 1029 1726 dere
1075 1681 1093 1724 :
1145 1654 1274 1726 hoc
1317 1652 1557 1723 valere·
1584 1652 1652 1721 in
1690 1649 2129 1744 disputatione
2165 1650 2251 1722 de
2273 1671 2411 1723 arte
2432 1700 2457 1735 ,
2514 1671 2631 1722 aut
2659 1650 2915 1724 scientia
2940 1702 2964 1738 ,
3006 1652 3191 1743 cujus
3240 1676 3377 1724 non
3422 1653 3637 1723 minus
3680 1678 3792 1746 pe-

873 1753 1036 1823 ri‘tus
1090 1776 1155 1823 es
1181 1801 1205 1836 ‚
1259 1773 1456 1844 atque
1496 1747 1914 1841 disputantes.
1993 1746 2070 1820 Id
2116 1748 2296 1840 quod
2346 1747 2430 1820 de
2489 1750 2806 1842 proximis
2836 1774 3100 1842 quoque
3127 1799 3152 1835 ‚
3203 1775 3357 1841 quae
3403 1748 3783 1843 sequuntur,

874 1850 1341 1943 Logomachiae
1380 1845 1575 1941 fignis
1626 1846 1715 1919 est
1765 1845 2280 1938 intelligendum.
2360 1846 2684 1941 Imperitis
2745 1849 2922 1919 enim
2980 1848 3189 1919 multa
3247 1846 3519 1921 obscura
3563 1850 3786 1921 viden-

870 1949 981 2023 eur
1005 1998 1029 2035 ‚
1088 1972 1242 2041 quae
1288 1942 1639 2019 scientibus
1674 1942 2008 2038 perspicua
2059 1941 2229 2016 sunt.
2308 1944 2480 2017 Haec
2504 1965 2790 2038 quatuor
2831 1945 3153 2040 postrema
3185 1943 3306 2034 (Sc
3334 1948 3459 2019 hoc
3487 1943 3785 2019 ohserva-

868 2051 924 2121 ri
975 2043 1230 2137 velim)
1264 2042 1442 2141 signa
1490 2044 1819 2137 praecipue
1857 2043 2454 2135 Logomachiarum
2510 2039 2661 2116 sunt
2735 2046 2802 2115 in
2852 2042 3401 2137 disputationibus
3443 2045 3787 2119 Academi-

872 2148 959 2219 cis
986 2194 1010 2231 ‚
1043 2143 1160 2215 ubi
1198 2148 1351 2216 viva
1386 2165 1553 2213 voce
1597 2141 1765 2214 inter
1809 2138 1871 2212 se
1897 2138 2253 2236 disceptant
2284 2139 2745 2233 Respondeas,
2785 2142 2883 2213 uti
2939 2159 3217 2213 vocatur
3241 2193 3263 2227 ‚
3299 2145 3365 2214 &
3393 2144 3791 2236 Opponens.

872 2243 1192 2336 Exempla
1229 2267 1367 2314 non
1419 2238 1592 2312 addo
1617 2288 1641 2324 ,
1679 2240 1830 2332 quia
1863 2236 2146 2332 'quilibet
2183 2287 2208 2325 ,
2258 2240 2374 2330 qui
2415 2237 2715 2329 frequens
2773 2238 2864 2311 est
2932 2240 3003 2311 in
3046 2237 3369 2332 ejusmodi
3435 2242 3781 2322 συζιτήσιπ

877 2349 986 2411 τοῦ
1036 2340 1223 2418 diam
1270 2341 1463 2410 πότε
1488 2386 1511 2416 ,
1559 2336 2015 2432 exemplorum
2063 2332 2212 2409 fitis
2259 2333 2444 2410 Facile
2491 2333 2886 2411 observabit.

486 2496 724 2573 Signum
746 2502 826 2559 Χ·
857 2557 870 2566 ·
1078 2525 1150 2593 Si
1196 2534 1470 2591 attentus
1515 2524 1582 2589 in
1608 2513 2048 2608 disputatione,
2086 2512 2240 2604 tbefi
2255 2565 2282 2603 ,
2329 2514 2406 2587 de
2450 2540 2577 2615 qua
2603 2514 2961 2609 AEsputatur
2973 2569 2999 2605 ‚
3057 2519 3235 2610 probe
3278 2516 3562 2590 intelleffa
3579 2566 3607 2603 ‚
3666 2521 3787 2608 Op-

876 2620 1141 2714 ponmtis
1163 2666 1190 2702 ‚
1251 2616 1421 2715 quod
1455 2623 1522 2688 in
1574 2622 1949 2689 contrarimn
1993 2613 2180 2705 affert
2200 2663 2226 2702 ‚
2279 2631 2703 2710 argumentum
2748 2641 2873 2686 non
2911 2618 3188 2712 intellthJs
3210 2647 3230 2687 .·
3265 2614 3663 2713 Logomacbiae
3687 2612 3793 2701 ἓξ*

881 2719 988 2791 boc
1030 2716 1273 2813 signum
1296 2713 1408 2810 effe
1443 2731 1676 2807 putato.
1713 2729 1721 2734 ’
1766 2713 1946 2801 Qia
2001 2710 2174 2806 faepe
2209 2708 2331 2797 fit,
2382 2730 2461 2782 ut
2511 2713 2878 2805 opponens
2924 2739 3255 2809 opponere
3303 2713 3570 2808 incipiat
3600 2766 3627 2801 ‚
3680 2733 3783 2785 ta-

879 2813 1067 2889 metfi
1094 2866 1117 2900 ,
1171 2815 1328 2907 quid
1381 2812 1665 2908 objicere
1708 2812 1868 2884 velit
1906 2862 1931 2900 ,
1987 2833 2127 2883 non
2189 2808 2478 2882 distincte
2545 2808 2911 2905 cognoscat.
3061 2813 3455 2886 Generalem
3515 2832 3785 2888 tantum-

851 2910 1077 2985 ·habet
1114 2911 1551 2982 intentionem
1600 2911 2030 3004 opponendi:
2070 2908 2217 2979 haec
2262 2906 2417 2980 Facit
2442 2958 2468 2994 ‚
2517 2926 2595 2980 ut
2641 2909 2945 3002 loquatur
2971 2960 2999 2995 ‚
3059 2907 3313 2982 tametsi
3368 2910 3529 3004 quid
3593 2913 3779 3008 loqui

869 3011 1031 3082 velit
1051 3059 1076 3096 ,
1140 3007 1442 3079 nondum
1471 3024 1654 3078 certo
1703 3007 1879 3100 apud
1921 3004 1984 3076 se
2042 3003 2461 3078 constituerit.
2561 3004 2639 3075 Id
2698 3002 2749 3073 fi
2794 3007 3013 3077 evenit
3034 3055 3061 3090 ,
3128 3009 3350 3077 evenit
3393 3029 3619 3082 autem
3663 3010 3779 3085 sn-

868 3108 1014 3202 pius
1036 3158 1060 3195 ‚
1120 3128 1319 3197 quam
1366 3104 1711 3197 quisquam
1765 3102 2090 3187 crederet,
2141 3103 2389 3175 mirum
2444 3125 2580 3173 non
2630 3097 2720 3171 est
2775 3150 2799 3188 ‚
2832 3097 2906 3187 ‚fi
2963 3100 3413 3193 objectionem
3475 3133 3624 3181 non
3679 3113 3782 3183 in.

848 3208 1138 3301 -telligi8‚
1191 3226 1393 3296 quam
1446 3224 1662 3293 neque
1714 3198 1848 3293 ipse
1901 3201 2270 3293 Opponens
2320 3251 2345 3288 ,
2393 3199 2506 3292 qui
2563 3197 2740 3270 illam
2780 3202 3093 3292 proponit
3146 3252 3171 3287 ,
3215 3201 3542 3300 intelligit.
3645 3209 3780 3283 Hic

851 3329 1028 3378 vero
1075 3300 1306 3375 frustra
1352 3298 1414 3371 se
1459 3296 1746 3372 defendit
1801 3297 2227 3394 Respondeas
2261 3325 2279 3369 z
2340 3321 2493 3391 eum
2531 3293 2768 3368 umbra
2814 3296 3127 3396 pugnat-,22
3157 3299 3411 3389 hostem
3460 3328 3595 3374 non
3656 3307 3773 3379 ha-

861 3402 980 3475 bct
1009 3453 1033 3488 ,
1084 3422 1199 3475 aut
1248 3398 1547 3485 hostem,
1591 3399 1702 3492 qui
1737 3397 1920 3490 justis
1961 3399 2157 3470 armis
2208 3408 2346 3467 non'
2392 3393 2489 3467 est
2530 3393 2893 3467 insti-udus.
2993 3399 3246 3491 Magno
3322 3398 3582 3493 strepitu
3658 3402 3773 3476 ad—

861 3499 1176 3571 versarius
1224 3497 1361 3588 ejus
1409 3520 1699 3591 pugnam
1741 3496 1866 3570 ciet
1891 3495 2079 3583 ‚··sed
2119 3516 2360 3592 praeter
2404 3491 2744 3585 strepitum
2770 3542 2795 3581 ,
2848 3494 3005 3563 nihil
3056 3494 3149 3566 est
3195 3544 3222 3582 ,
3282 3500 3469 3591 quod
3514 3519 3783 3576 metita-2

863 3611 988 3666 tur.
1069 3597 1146 3665 In
1195 3593 1487 3687 sclopetis
1546 3596 1685 3684 ejus
1709 3606 1762 3678 2'
1792 3592 1844 3665 si
1886 3599 1977 3665 ita
2031 3587 2216 3683 lo'qui
2269 3593 2451 3676 licet,
2505 3588 2797 3687 multum'
2812 3590 3103 3702 pulveris
3155 3591 3247 3664 est
3284 3598 3477 3690 ‚pyr-ii
3510 3647 3537 3686 ,
3590 3601 3777 3694 glan:

856 3693 1078 3763 nullan
1135 3690 1365 3766 sonant
1391 3740 1416 3780 ,
1475 3688 1579 3762 sed
1637 3689 1796 3761 nihil
1853 3687 2149 3762 efficiunt
2174 3716 2200 3770 ς
2249 3688 2499 3762 tei-'rent
2521 3735 2548 3772 ‚
2578 3678 2735 3799 ‘pion
2761 3685 3146 3807 {ulnerantz
3204 3720 3219 3739 κ

453 3907 699 4046 {iignum
846 3987 900 4062 A
1023 3895 1122 4059 ἄξι’
1164 3897 1231 4008 {n
1285 3887 1686 3979 disputatione
1699 3932 1751 4051 't
1775 3879 2078 4052 ἑνῑτεΙῙι-ἕῖη
2133 3881 2286 3969 thesi
2327 3881 2425 3971 {9⁹
2453 3884 2835 4056 topponentc'?
2902 3908 3249 4007 argumento
3272 3940 3298 3978 ,
3349 3893 3769 4019 Tfivnlfmqn

536 4032 553 4052 '
838 3987 1296 4184 imitat
1317 4001 1946 4174 '‘{ffiwssai'lf’
1995 3997 2226 4172 ε’ἓῖἑῖε
2243 4004 2459 4152 ’Ἔζέῑῖἔ
2484 4006 2817 4175 ἒᾏῖιῑὲἔω
2844 3987 3175 4172 'gitta
3192 3991 3771 4181 {mam

841 4186 1003 4262 nihil
1058 4180 1416 4269 obser-,vare-
1455 4179 1525 4249 in
1581 4178 1973 4272 opponentis
2022 4196 2409 4272 argumento
2461 4226 2488 4264 ‚
2542 4181 2724 4274 quod
2797 4200 2948 4255 tuto
3000 4207 3086 4257 ne
3201 4184 3222 4254 i
3266 4184 3487 4278 poffit.
3622 4193 3771 4266 Ta-

846 4306 1022 4359 ceret
1048 4333 1072 4371 ,
1115 4276 1166 4351 fi
1214 4299 1423 4351 tacere
1461 4277 1678 4349 liceret
1701 4303 1722 4346 ε
1769 4274 2084 4348 fateretur
2134 4301 2377 4370 aquam
2448 4274 2568 4350 sibi
2624 4279 2872 4353 haerere
2921 4329 2945 4366 ,
2995 4283 3063 4352 ni
3092 4308 3115 4352 1
3175 4282 3305 4354 hoc
3349 4304 3539 4382 turpe
3582 4286 3771 4365 vide-

852 4404 1052 4461 retur.
1124 4376 1296 4450 Vult
1358 4375 1601 4470 aliquid
1666 4374 1750 4448 ad
1797 4375 2191 4470 opponentis
2247 4398 2713 4471 argumentum
2781 4402 3091 4472 reponere
3131 4429 3163 4465 ‚-
3205 4379 3321 4455 etsi
3377 4435 3400 4470 ,
3451 4386 3611 4479 quid
3659 4414 3768 4462 re-

840 4503 1075 4579 ponat,
1128 4504 1266 4552 non
1330 4477 1623 4567 reperiat.
1697 4475 1827 4547 Hic
1875 4476 2045 4546 inter
2092 4498 2327 4546 arcana
2391 4475 2677 4569 Reipub.
2749 4475 3194 4567 disputatoriae
3223 4528 3247 4565 ,
3307 4482 3377 4552 in
3427 4509 3557 4576 qua
3590 4483 3773 4575 sala·

695 4636 700 4643 -
838 4583 1229 4681 respondentis
1249 4574 1534 4671 suprema
1582 4575 1683 4655 lex
1710 4577 1830 4670 est,
1882 4574 2012 4654 hoc
2059 4570 2152 4651 est
2176 4573 2593 4681 praecipuam
2639 4596 2671 4677 ξ
2792 4574 2996 4654 Simul
3043 4600 3119 4657 ac
3172 4578 3333 4691 nihil
3388 4582 3480 4655 est
3497 4583 3763 4755 ,esquod

3486 4707 3519 4760 t
3581 4706 3754 4777 pon-⁴
