4188 5670
54 825 91 890 ff·
54 747 93 792 εἴ
53 646 99 714 .ῐῆ

1480 248 2462 338 -‘n—n-·Loo‚vtta··
2787 350 2794 356 .
3153 257 3290 350 383

376 467 459 521 ut
482 460 585 518 tot
620 435 910 533 corporis
939 454 1153 534 partes
1184 435 1690 528 innumerasque
1734 413 2059 515 venarum
2091 432 2158 504 &
2182 430 2566 502 arteriarum
2628 454 3121 526 nervorumque
3144 460 3296 531 pro.

290 543 297 550 ·
373 545 655 641 vagia&
714 557 913 632 atque
936 540 1300 611 humorum
1356 532 1429 602 in
1460 531 1536 603 iis
1563 551 2037 605 contentorum
2084 530 2409 602 rationem
2462 528 2714 604 videret
2738 580 2760 615 ‚
2807 526 2943 603 fine
2969 555 3106 624 quo
3156 560 3295 609 nou

375 640 656 736 intelligi
690 633 902 733 potest
942 638 1176 709 harum
1204 630 1656 705 machinarum
1693 627 2094 703 constructio
2126 656 2147 708 3
2179 629 2322 699 imo
2342 627 2456 717 qui
2487 625 2569 697 de
2614 624 2907 718 pluribus
2936 631 3172 703 harum
3194 660 3294 706 re.

244 803 251 820 .
367 744 520 816 r‘um
564 738 846 828 omnino
874 755 1215 829 nunquam
1270 729 1626 820 cogitavit,
1684 729 2064 801 melioribus
2091 728 2288 819 longe
2345 725 2517 796 curis
2555 725 2874 797 districtus
2893 778 2917 813 ‚
2958 728 3167 802 nescio
3200 753 3288 804 an

365 838 518 912 satis
548 833 824 910 firmum
862 829 961 907 fit.
1034 833 1275 924 Neque
1304 829 1371 901 id
1400 851 1484 900 ex
1512 826 1895 901 animalium
1926 823 2149 909 ὅνομσιθ
2173 827 2283 908 σι’ςι
2331 823 2630 895 concludi
2663 824 2916 916 potest,
2950 850 3103 918 quae
3147 853 3286 902 non

368 958 508 1011 tam
544 934 882 1029 sapientiae
919 927 1207 1028 phyfioee
1230 929 1436 1023 quam
1464 926 1742 999 dominii
1784 946 2249 1018 argumentum
2278 920 2387 994 est.
2464 923 2823 996 Enimvero
2867 948 2952 1020 ex
2999 925 3122 997 hac
3171 926 3280 999 de-

369 1033 736 1110 monstrare
770 1030 937 1104 velle
970 1082 995 1119 ,
1051 1028 1383 1103 Adamum
1426 1022 1705 1120 perfecte
1748 1022 2129 1097 animalium
2177 1020 2482 1093 omnium
2511 1041 2815 1096 naturam
2854 1022 3225 1115 cognovifl'e
3256 1073 3279 1106 ,

366 1131 800 1229 quantumvis
846 1149 998 1225 apta
1018 1128 1129 1200 illa
1151 1124 1530 1199 animalium
1554 1123 1826 1196 nomina
1850 1118 2094 1196 fiieriut
2110 1173 2134 1208 ,
2172 1119 2346 1194 idem
2376 1115 2553 1204 effet,
2578 1145 2655 1191 ac
2682 1117 2731 1191 fi
2756 1120 2900 1214 quis
2931 1121 3150 1208 vellet,
3172 1148 3283 1195 ne-

364 1234 622 1322 ,minem
648 1250 800 1325 apte
823 1228 1246 1324 horologium
1266 1276 1288 1311 ,
1333 1247 1659 1320 organum
1685 1221 2174 1313 pneumaticum
2201 1270 2224 1307 ‚
2243 1217 2696 1310 hydraulicum
2722 1270 2747 1305 ,
2775 1219 3010 1292 aliasve
3034 1222 3277 1294 machi.

365 1354 490 1418 nas
511 1330 835 1426 appellare
865 1322 1041 1422 poffe
1060 1377 1086 1413 ,
1134 1321 1256 1398 nifi
1274 1324 1389 1420 qui
1415 1339 1625 1394 artem
1649 1320 1762 1393 ista
1785 1317 2195 1392 construendi
2231 1314 2510 1412 perfecte
2536 1314 2900 1411 cognoscat·
2988 1321 3195 1405 Qod
3216 1320 3269 1397 fi

366 1430 729 1519 dicendum
759 1424 910 1502 effet
929 1476 952 1513 ‚
982 1423 1320 1520 quodnam
1359 1423 1629 1495 tandem
1657 1418 1816 1516 illud
1862 1440 2109 1491 nomen
2129 1412 2288 1489 effet-
2313 1464 2339 1502 ‚
2385 1415 2564 1510 quod
2592 1440 2730 1487 rem
2765 1413 3045 1509 perfe8re
3069 1422 3281 1512 expri,
3351 1435 3362 1448 ·

366 1532 647 1602 meret?
691 1528 853 1600 Tale
886 1542 1058 1598 certe
1082 1519 1201 1620 effe
1226 1519 1494 1595 deberet
1518 1570 1542 1606 ‚
1572 1517 1755 1613 quo‘d
1784 1541 1868 1590 ex
1895 1536 2000 1590 tot
2021 1511 2399 1589 nominibus
2432 1510 2827 1608 fimplicibus
2857 1539 3278 1608 componere-

372 1646 488 1700 tur
510 1677 537 1714 2
576 1630 781 1719 iisque
807 1625 1038 1697 eodem
1071 1619 1303 1696 ordine
1327 1614 1644 1712 dispositis
1663 1666 1686 1703 ,
1739 1641 1823 1688 ex
1859 1635 2029 1709 quot
2052 1611 2249 1688 rebus
2280 1615 2342 1685 δε
2367 1638 2501 1706 quo
2527 1612 2753 1688 ordine
2795 1609 2924 1687 illae
2951 1615 3274 1691 machinae

360 1722 766 1819 ,compofitae
798 1720 964 1795 sunt.
1032 1718 1243 1809 Quod
1266 1715 1316 1789 fi
1346 1718 1489 1813 quis
1513 1716 1594 1808 ad
1622 1713 1934 1789 animalia
1963 1709 2330 1796 transferat,
2360 1713 2422 1783 &
2450 1708 2833 1798 confideret,
2861 1732 3107 1805 quanto
3133 1739 3271 1788 ma.

368 1825 476 1919 gis
505 1848 735 1897 eorum
765 1809 1082 1895 structura
1103 1871 1127 1906 ‚
1163 1841 1362 1913 quam
1409 1814 1713 1890 omnium
1739 1815 1971 1887 harum
1999 1812 2451 1884 machinarum
2486 1860 2511 1895 ,
2540 1805 2622 1883 fit
2650 1808 3060 1902 compofitu
3089 1810 3275 1898 facile

358 1924 650 2019 quisque
679 1922 1157 1996 animadvertet
1181 1968 1207 2004 ‚
1254 1919 1453 2012 quarn
1490 1908 1936 2007 prodigiosum
1970 1961 1996 1997 ‚
2033 1909 2361 2004 quamque
2410 1904 2930 2005 decompofitum
2972 1909 3136 1984 illud
3157 1938 3279 1987 no-

360 2045 539 2107 men
569 2018 688 2093 effe
721 2017 992 2093 deberet
1017 2067 1042 2106 ‚
1087 2014 1269 2109 quod
1308 2011 1597 2108 ipsorum
1626 2031 1931 2084 naturam
1958 2006 2243 2103 perfet‘ke
2273 2007 2666 2099 exprimeret
2706 2036 2727 2088 3
2757 2032 3091 2102 quamque
3127 2012 3277 2083 ridi-

363 2117 612 2190 culum
650 2115 731 2190 fit
755 2141 988 2191 eorum
1005 2124 1515 2207 argumentum,
1550 2110 1664 2203 qui
1690 2133 1771 2183 ex
1796 2107 1916 2182 hac
1940 2107 2288 2200 nominum
2318 2104 2759 2198 impositione,
2775 2111 3075 2180 exactam
3098 2134 3280 2206 prot.

363 2213 490 2301 fus
514 2219 579 2294 ἃ
602 2214 957 2312 perfectam
990 2216 1057 2288 in
1090 2212 1348 2286 Adamo
1375 2208 1815 2305 cognitionem
1836 2205 2221 2280 amanum
2241 2200 2452 2291 fuiffe,
2487 2206 2906 2294 concludunt.

596 2363 909 2438 Omnino
946 2365 1218 2437 nomina
1255 2359 1458 2434 rebus
1496 2362 1697 2436 variis
1742 2360 2083 2454 imponere
2124 2415 2148 2453 ,
2188 2389 2333 2436 non
2369 2363 2691 2456 majorem
2728 2385 2961 2436 earum
3010 2359 3284 2454 requirit

366 2465 837 2558 mognitionem
890 2512 912 2547 ,
944 2487 1143 2553 quam
1174 2480 1429 2533 tantam
1474 2510 1499 2547 ,
1552 2485 1709 2554 quae
1737 2456 1975 2534 sufficit
2020 2512 2045 2547 ,
2079 2482 2160 2533 ut
2191 2463 2370 2534 alias
2394 2460 2481 2533 ab
2512 2461 2649 2533 aliis
2686 2458 2895 2556 probe
2929 2456 3281 2531 discernere

364 2558 706 2655 ‘poffimus
737 2588 761 2641 3
794 2557 1119 2650 fimulque
1149 2560 1538 2630 memoriam
1569 2556 1718 2630 satis
1738 2555 1994 2630 felicem
2025 2608 2048 2645 ‚
2093 2579 2173 2630 ut
2207 2577 2466 2631 tantam
2507 2561 2858 2633 nominum
2895 2558 3279 2630 varietatem

378 2680 712 2751 queamus
737 2657 1030 2727 retinere.
1105 2659 1334 2740 Quare
1358 2704 1382 2740 ‚
1414 2674 1498 2727 ut
1526 2678 1764 2726 eorum
1802 2679 2100 2726 errorem
2137 2657 2458 2747 rejicimus
2496 2708 2520 2743 ,
2551 2659 2667 2751 qui
2700 2658 3031 2730 Adamurn
3063 2648 3278 2726 craffae

383 2779 621 2829 rerum
651 2755 951 2825 omnium
986 2752 1374 2846 ignorantiae
1428 2754 1492 2824 &
1542 2752 1886 2846 plusquam
1916 2751 2176 2847 puerilis
2211 2753 2502 2848 stuporis*
2522 2754 2822 2826 accusant
2860 2780 2881 2834 3
2930 2753 3020 2825 ita
3051 2774 3279 2825 caven-

385 2855 561 2927 dum
598 2850 714 2924 effe
746 2850 1150 2925 arbitramur
1173 2901 1198 2936 ,
1232 2875 1319 2922 ne
1343 2854 1410 2922 in
1448 2850 1731 2922 alterum
1750 2867 2130 2933 extremum
2175 2852 2542 2926 incidamus
2563 2899 2584 2933 ‚
2611 2874 2895 2946 eumque
2924 2853 3111 2947 plane
3136 2873 3277 2924 om-

298 2966 307 2977 ‘
366 2951 663 3033 :niscium
696 2946 1004 3021 faciamus
1032 2998 1058 3034 ,
1099 2950 1166 3021 δι
1209 2948 1313 3018 vel
1345 2949 1611 3042 Angelis
1638 2946 1907 3041 iplbque
1935 2951 2192 3022 Christo
2236 2950 2725 3044 sapientiorerm
2776 2975 3139 3047 earumque
3184 2973 3280 3021 re-

378 3075 545 3127 rum
593 3046 958 3135 scientiam,
1010 3045 1221 3119 nescio
1261 3071 1394 3138 quo
1437 3045 1763 3118 miraculo
1801 3047 2113 3120 divinitus
2141 3048 2416 3123 inditam
2472 3098 2498 3137 ‚
2533 3050 2626 3123 illi
2666 3049 3070 3130 tribuamus,
3121 3070 3286 3142 quo-

382 3172 550 3223 rum
596 3145 1165 3240 ignorantianihil
1204 3142 1495 3216 felicitati
1542 3145 1863 3238 derogat:
1916 3171 2201 3241 quaeque
2245 3150 2628 3224 naturaliter
2654 3200 2678 3235 ,
2734 3146 2853 3221 nifi
2894 3145 3289 3243 experientia
3395 3224 3409 3238 ,
3558 3224 3573 3239 ,

382 3268 594 3341 atque
625 3240 745 3333 usu
772 3294 798 3330 ,
847 3240 989 3315 sciri
1024 3267 1164 3314 non
1195 3237 1470 3333 poffunt.
1552 3243 1806 3334 Duplex
1861 3240 2109 3334 [verba
2157 3245 2308 3319 sunt
2324 3249 2552 3319 eximii
2592 3245 2970 3339 Theologi]
3009 3253 3291 3340 ignoran-
3344 3223 3529 3279 R'vn·
3550 3238 3612 3278 '¹⁸

384 3355 507 3421 tia·
532 3347 608 3437 est
628 3362 799 3434 purae
820 3346 1145 3437 negationis
1176 3335 1268 3425 ἓξ
1298 3361 1506 3431 pravae
1542 3338 1969 3431 dispositionis:
2014 3368 2287 3441 quarum
2333 3344 2455 3416 baec
2480 3344 2728 3441 quidem
2772 3342 3142 3439 repugnabat
3168 3342 3299 3431 sta·
3344 3299 3550 3442 ἓξὲξ,

366 3451 496 3519 ,tui
532 3448 872 3513 innocentia
894 3489 921 3525 ,
969 3438 1079 3509 illa
1106 3463 1225 3510 non
1260 3447 1433 3521 item.
1482 3445 1687 3510 Pueri
1731 3446 1889 3511 enim
1919 3447 1986 3512 in
2029 3441 2134 3513 illo
2146 3445 2325 3533 statu
2341 3443 2690 3515 multarum
2728 3468 2934 3525 rerum
2970 3449 3302 3538 ignorantes
3347 3428 3567 3525 χχνιὶ
3565 3467 3607 3527 1,

382 3537 781 3636 diufuzffint
810 3587 833 3624 ‚
861 3563 1018 3634 quas
1045 3533 1311 3631 'proceffie
1343 3543 1619 3628 temporis
1653 3534 2012 3633 didiciffent.
2082 3546 2285 3613 Firmo
2310 3559 2520 3613 autem
2543 3536 2772 3636 all‘ensu
2782 3538 2953 3634 falfir
2973 3560 3084 3633 pro
3131 3544 3297 3611 veris
3337 3565 3399 3633 p.
3419 3565 3497 3612 m.
3534 3565 3561 3609 ι
3575 3564 3669 3623 ι4.

366 3658 515 3716 ‚aut
549 3663 700 3710 vera
717 3659 824 3728 pro
848 3631 1026 3729 falfis
1048 3633 1366 3727 approbare
1387 3659 1674 3731 magnum
1692 3635 1915 3730 juss‘et
1957 3641 2193 3710 vitium
2211 3688 2237 3724 ,
2271 3634 2362 3725 855
2385 3639 2620 3711 malum
2651 3640 3193 3734 perfeHionistatus
3215 3638 3295 3711 il·

366 3742 517 3815 ‚lius
547 3740 941 3809 contrarium.
1011 3736 1197 3825 Potest
1223 3740 1416 3829 igitur
1438 3741 1589 3805 Eva
1633 3728 1668 3822 (
1693 3732 1851 3826 quid
1872 3734 1942 3805 ni
1966 3734 2168 3809 etiam
2193 3737 2452 3819 Adamo
2466 3740 2510 3809 ἓ
2529 3734 2568 3826 )
2603 3736 2736 3827 stne
2753 3737 3098 3833 praejudicio
3136 3745 3302 3812 inm-

391 3840 610 3912 oentiae
641 3831 840 3905 tribui
863 3853 1035 3923 purae
1060 3838 1383 3925 negationis
1407 3881 1429 3916 ‚
1457 3857 1572 3904 non
1600 3856 1812 3923 pravae
1843 3830 2225 3924 dispofitionis
2262 3886 2287 3925 ‚
2310 3842 2650 3931 ignorantia
2695 3863 2716 3908 ε
2757 3862 2886 3937 qua
2908 3844 3084 3913 initio
3122 3834 3302 3927 nesci-

398 3942 510 4007 vit
528 3983 555 4020 2
572 3949 791 4003 utrum
809 3929 1048 4022 serpens
1071 3929 1243 4026 loqui
1256 3926 1442 4021 poffi’t
1456 3978 1481 4014 ‚
1499 3954 1720 4011 necne3
1747 3955 1935 4029 quam
1965 3930 2148 4006 brevi
2169 3958 2281 4026 per
2306 3941 2731 4025 experientiam
2758 3934 3076 4033 abjeciffi’t.
3096 3934 3308 4028 Quod

372 4052 583 4107 ‚certe
619 4025 671 4100 fi
697 4052 931 4117 verum
961 4025 1052 4098 est
1075 4077 1101 4114 ,
1153 4049 1293 4123 non
1322 4044 1581 4098 tantum
1624 4026 2057 4119 plurimarum
2085 4056 2308 4107 rerum
2351 4033 2786 4126 ignorantiam
2834 4085 2858 4121 ,
2917 4056 3118 4130 atque
3142 4033 3312 4107 adeo

369 4128 717 4205 ‚omnium
748 4148 976 4198 earum
997 4175 1023 4215 ‚
1073 4147 1354 4218 quarum
1410 4126 1702 4218 cognitio
1730 4127 2126 4220 experientia
2175 4133 2538 4223 comparari
2592 4128 2878 4208 debebat
2900 4184 2925 4219 ,
2967 4136 3035 4205 in
3085 4130 3316 4227 primis

404 4221 785 4301 hominibus
815 4221 994 4297 fuiffe
1040 4239 1268 4317 patet3
1306 4220 1413 4295 sed
1442 4225 1507 4297 &
1546 4223 1709 4296 illud
1752 4225 2069 4311 concidit,
2118 4231 2299 4322 quod
2355 4230 2438 4301 de
2488 4226 2771 4325 perfecta
2815 4232 3020 4325 vulgo
3060 4250 3318 4303 natutae

411 4321 800 4425 animalium
823 4320 1081 4395 scientia
1132 4322 1258 4393 dici
1293 4319 1490 4413 solet:
1530 4323 1878 4416 quomodo
1921 4324 2101 4397 enim
2152 4326 2435 4429 perfecte
2470 4329 2772 4401 animalia
2812 4332 3035 4398 omnia
3076 4346 3325 4419 cogno-

414 4441 665 4495 verunt
703 4421 748 4492 ii
761 4471 786 4507 ,
816 4420 934 4514 qui
963 4420 1320 4511 nequidem
1359 4418 1687 4500 sciverunt
1706 4471 1734 4512 ,
1768 4441 1997 4498 utrum
2022 4421 2417 4518 quibusdam
2457 4425 2670 4501 brutis
2697 4418 3140 4501 anirnantibus
3179 4438 3326 4488 ora-

410 4521 611 4596 tionis
639 4516 789 4593 usus
818 4536 1225 4612 competeret
1243 4517 1289 4592 ἓ
1688 4548 1691 4553 ·

1938 4619 2002 4694 C
2030 4645 2071 4697 c
2090 4643 2131 4693 c
2195 4637 2246 4699 2
2681 4648 2714 4668 ’·
3158 4604 3335 4678 11aess
