<?xml version="1.0" encoding="UTF-8"?>
<!DOCTYPE html PUBLIC "-//W3C//DTD XHTML 1.0 Transitional//EN"
    "http://www.w3.org/TR/xhtml1/DTD/xhtml1-transitional.dtd">
<html xmlns="http://www.w3.org/1999/xhtml" xml:lang="en" lang="en">
 <head>
  <title>
</title>
<meta http-equiv="Content-Type" content="text/html;charset=utf-8" />
  <meta name='ocr-system' content='tesseract 3.04.00' />
  <meta name='ocr-capabilities' content='ocr_page ocr_carea ocr_par ocr_line ocrx_word'/>
</head>
<body>
  <div class='ocr_page' id='page_1' title='image "./opusculatheolog00weregoog/opusculatheolog00weregoog_0166.png"; bbox 0 0 4188 5670; ppageno 0'>
   <div class='ocr_carea' id='block_1_1' title="bbox 939 1898 3825 2217">
    <p class='ocr_par' dir='ltr' id='par_1_1' title="bbox 939 1806 3850 2217">
     <span class='ocr_line' id='line_1_1' title="bbox 939 1898 3825 2217; baseline -0.004 -143"><span class='ocrx_word' id='word_1_1' title='bbox 939 1904 1874 2140; x_wconf 78' lang='lat' dir='ltr'>PAULO</span> <span class='ocrx_word' id='word_1_2' title='bbox 2099 1898 3825 2217; x_wconf 50' lang='lat' dir='ltr'><strong>RSJJOBOULETO</strong></span> 
     </span>
    </p>
   </div>
   <div class='ocr_carea' id='block_1_2' title="bbox 1032 2285 3828 2589">
    <p class='ocr_par' dir='ltr' id='par_1_2' title="bbox 1032 2285 3828 2589">
     <span class='ocr_line' id='line_1_2' title="bbox 1032 2285 3828 2455; baseline -0.006 -46"><span class='ocrx_word' id='word_1_3' title='bbox 1032 2285 1844 2455; x_wconf 70' lang='lat' dir='ltr'>PASTORI</span> <span class='ocrx_word' id='word_1_4' title='bbox 1989 2287 3678 2408; x_wconf 70' lang='lat' dir='ltr'>CoETUs--GALLICI</span> <span class='ocrx_word' id='word_1_5' title='bbox 3819 2401 3828 2408; x_wconf 87' lang='lat'><strong>.</strong></span> 
     </span>
     <span class='ocr_line' id='line_1_3' title="bbox 1306 2464 3271 2589; baseline -0.008 -35"><span class='ocrx_word' id='word_1_6' title='bbox 1306 2544 1310 2554; x_wconf 90' lang='lat'>.</span> <span class='ocrx_word' id='word_1_7' title='bbox 1479 2469 1699 2559; x_wconf 73' lang='lat' dir='ltr'>QUI</span> <span class='ocrx_word' id='word_1_8' title='bbox 1771 2467 2284 2547; x_wconf 80' lang='lat' dir='ltr'>-TIGURI</span> <span class='ocrx_word' id='word_1_9' title='bbox 2387 2464 3271 2589; x_wconf 66' lang='grc' dir='ltr'>σοιμςιτυκ,</span> 
     </span>
    </p>
   </div>
   <div class='ocr_carea' id='block_1_3' title="bbox 1051 2548 3857 2886">
    <p class='ocr_par' dir='ltr' id='par_1_3' title="bbox 1051 2548 3857 2886">
     <span class='ocr_line' id='line_1_4' title="bbox 1051 2548 3857 2767; baseline -0.004 -51"><span class='ocrx_word' id='word_1_10' title='bbox 1051 2617 1942 2764; x_wconf 76' lang='lat' dir='ltr'><em> SAMUEL</em></span> <span class='ocrx_word' id='word_1_11' title='bbox 2093 2569 3670 2767; x_wconf 20' lang='lat' dir='ltr'><em>WERENFELSIUS·</em></span> <span class='ocrx_word' id='word_1_12' title='bbox 3812 2548 3857 2732; x_wconf 90' lang='lat' dir='ltr'><em> </em></span> 
     </span>
     <span class='ocr_line' id='line_1_5' title="bbox 1945 2796 3563 2886; baseline -0.004 -2"><span class='ocrx_word' id='word_1_13' title='bbox 1945 2828 1949 2833; x_wconf 12' lang='grc' dir='ltr'><strong>Δ</strong></span> <span class='ocrx_word' id='word_1_14' title='bbox 2244 2796 2332 2884; x_wconf 85' lang='lat' dir='ltr'>S.</span> <span class='ocrx_word' id='word_1_15' title='bbox 2426 2797 2537 2886; x_wconf 87' lang='lat' dir='ltr'>D.</span> <span class='ocrx_word' id='word_1_16' title='bbox 3035 2802 3043 2810; x_wconf 89' lang='lat'><strong>·</strong></span> <span class='ocrx_word' id='word_1_17' title='bbox 3552 2807 3563 2819; x_wconf 92' lang='lat'><strong>·</strong></span> 
     </span>
    </p>
   </div>
   <div class='ocr_carea' id='block_1_4' title="bbox 2306 2991 2319 3033">
    <p class='ocr_par' dir='ltr' id='par_1_4' title="bbox 2306 2991 2319 3033">
     <span class='ocr_line' id='line_1_6' title="bbox 2306 2991 2319 3033; baseline 0 0"><span class='ocrx_word' id='word_1_18' title='bbox 2306 2991 2319 3033; x_wconf 68' lang='lat' dir='ltr'>t</span> 
     </span>
    </p>
   </div>
   <div class='ocr_carea' id='block_1_5' title="bbox 890 3089 3857 4869">
    <p class='ocr_par' dir='ltr' id='par_1_5' title="bbox 2077 3089 3857 3195">
     <span class='ocr_line' id='line_1_7' title="bbox 2077 3089 3857 3195; baseline 0.002 -28"><span class='ocrx_word' id='word_1_19' title='bbox 2077 3097 2112 3168; x_wconf 84' lang='lat'>1</span> <span class='ocrx_word' id='word_1_20' title='bbox 2134 3117 2185 3168; x_wconf 76' lang='lat' dir='ltr'>‘r</span> <span class='ocrx_word' id='word_1_21' title='bbox 2204 3114 2251 3167; x_wconf 70' lang='lat' dir='ltr'>n</span> <span class='ocrx_word' id='word_1_22' title='bbox 2279 3115 2332 3181; x_wconf 65' lang='lat' dir='ltr'>n</span> <span class='ocrx_word' id='word_1_23' title='bbox 2355 3113 2397 3167; x_wconf 79' lang='grc' dir='ltr'><strong>Α</strong></span> <span class='ocrx_word' id='word_1_24' title='bbox 2423 3116 2456 3169; x_wconf 87' lang='lat' dir='ltr'>s</span> <span class='ocrx_word' id='word_1_25' title='bbox 2510 3091 2690 3172; x_wconf 77' lang='lat' dir='ltr'>Tuas</span> <span class='ocrx_word' id='word_1_26' title='bbox 2732 3089 2970 3195; x_wconf 83' lang='lat' dir='ltr'>quibus</span> <span class='ocrx_word' id='word_1_27' title='bbox 2999 3125 3039 3174; x_wconf 87' lang='lat' dir='ltr'>a</span> <span class='ocrx_word' id='word_1_28' title='bbox 3075 3120 3186 3173; x_wconf 86' lang='lat' dir='ltr'>me</span> <span class='ocrx_word' id='word_1_29' title='bbox 3212 3094 3374 3195; x_wconf 79' lang='lat' dir='ltr'>petis</span> <span class='ocrx_word' id='word_1_30' title='bbox 3404 3148 3434 3186; x_wconf 81' lang='lat'><strong><em>,</em></strong></span> <span class='ocrx_word' id='word_1_31' title='bbox 3475 3116 3554 3172; x_wconf 87' lang='lat' dir='ltr'>ut</span> <span class='ocrx_word' id='word_1_32' title='bbox 3577 3090 3857 3192; x_wconf 79' lang='lat' dir='ltr'>disputi-</span> 
     </span>
    </p>

    <p class='ocr_par' dir='ltr' id='par_1_6' title="bbox 2139 3195 3855 3291">
     <span class='ocr_line' id='line_1_8' title="bbox 2139 3195 3855 3291; baseline 0.003 -27"><span class='ocrx_word' id='word_1_33' title='bbox 2139 3195 2346 3265; x_wconf 83' lang='lat' dir='ltr'>tiones</span> <span class='ocrx_word' id='word_1_34' title='bbox 2395 3196 2432 3264; x_wconf 74' lang='grc' dir='ltr'>ὲ</span> <span class='ocrx_word' id='word_1_35' title='bbox 2489 3221 2596 3271; x_wconf 86' lang='lat' dir='ltr'>me</span> <span class='ocrx_word' id='word_1_36' title='bbox 2658 3201 2859 3272; x_wconf 84' lang='lat' dir='ltr'>editas</span> <span class='ocrx_word' id='word_1_37' title='bbox 2922 3198 3044 3272; x_wconf 87' lang='lat' dir='ltr'>tibi</span> <span class='ocrx_word' id='word_1_38' title='bbox 3093 3201 3353 3272; x_wconf 84' lang='lat' dir='ltr'>mittam</span> <span class='ocrx_word' id='word_1_39' title='bbox 3394 3249 3418 3286; x_wconf 90' lang='lat'>‚</span> <span class='ocrx_word' id='word_1_40' title='bbox 3478 3199 3749 3291; x_wconf 64' lang='lat' dir='ltr'>accepis</span> <span class='ocrx_word' id='word_1_41' title='bbox 3789 3199 3855 3269; x_wconf 75' lang='grc' dir='ltr'>δε</span> 
     </span>
    </p>

    <p class='ocr_par' dir='ltr' id='par_1_7' title="bbox 2066 3291 3853 3393">
     <span class='ocr_line' id='line_1_9' title="bbox 2066 3291 3853 3393; baseline 0.002 -29"><span class='ocrx_word' id='word_1_42' title='bbox 2066 3383 2068 3389; x_wconf 22' lang='grc' dir='ltr'>Ι</span> <span class='ocrx_word' id='word_1_43' title='bbox 2128 3316 2504 3387; x_wconf 71' lang='lat' dir='ltr'>quanquam</span> <span class='ocrx_word' id='word_1_44' title='bbox 2566 3298 2916 3393; x_wconf 83' lang='lat' dir='ltr'><strong>perspicere</strong></span> <span class='ocrx_word' id='word_1_45' title='bbox 2990 3323 3127 3370; x_wconf 93' lang='lat' dir='ltr'>non</span> <span class='ocrx_word' id='word_1_46' title='bbox 3199 3295 3440 3393; x_wconf 79' lang='lat' dir='ltr'>possim</span> <span class='ocrx_word' id='word_1_47' title='bbox 3474 3344 3494 3376; x_wconf 90' lang='lat'>‚</span> <span class='ocrx_word' id='word_1_48' title='bbox 3562 3298 3665 3368; x_wconf 88' lang='lat' dir='ltr'>cui</span> <span class='ocrx_word' id='word_1_49' title='bbox 3700 3291 3853 3368; x_wconf 63' lang='lat' dir='ltr'>&#39;usti</span> 
     </span>
    </p>

    <p class='ocr_par' dir='ltr' id='par_1_8' title="bbox 2066 3389 3842 3490">
     <span class='ocr_line' id='line_1_10' title="bbox 2066 3389 3842 3490; baseline 0.001 -27"><span class='ocrx_word' id='word_1_50' title='bbox 2066 3433 2067 3436; x_wconf 18' lang='grc' dir='ltr'>π</span> <span class='ocrx_word' id='word_1_51' title='bbox 2110 3389 2367 3463; x_wconf 66' lang='lat' dir='ltr'>Clariis.</span> <span class='ocrx_word' id='word_1_52' title='bbox 2427 3394 2748 3471; x_wconf 82' lang='lat' dir='ltr'>Chauvino</span> <span class='ocrx_word' id='word_1_53' title='bbox 2800 3401 2869 3469; x_wconf 89' lang='lat' dir='ltr'>in</span> <span class='ocrx_word' id='word_1_54' title='bbox 2918 3423 3114 3488; x_wconf 86' lang='lat' dir='ltr'>opere</span> <span class='ocrx_word' id='word_1_55' title='bbox 3152 3448 3173 3482; x_wconf 92' lang='lat'>,</span> <span class='ocrx_word' id='word_1_56' title='bbox 3231 3397 3410 3490; x_wconf 90' lang='lat' dir='ltr'>quod</span> <span class='ocrx_word' id='word_1_57' title='bbox 3449 3395 3842 3480; x_wconf 79' lang='lat' dir='ltr'>meditatur,</span> 
     </span>
    </p>

    <p class='ocr_par' dir='ltr' id='par_1_9' title="bbox 2139 3491 3852 3592">
     <span class='ocr_line' id='line_1_11' title="bbox 2139 3491 3852 3592; baseline 0.001 -29"><span class='ocrx_word' id='word_1_58' title='bbox 2139 3491 2520 3566; x_wconf 84' lang='lat' dir='ltr'>adornando</span> <span class='ocrx_word' id='word_1_59' title='bbox 2561 3495 2679 3568; x_wconf 83' lang='lat' dir='ltr'>effe</span> <span class='ocrx_word' id='word_1_60' title='bbox 2726 3493 2969 3592; x_wconf 81' lang='lat' dir='ltr'>poffint</span> <span class='ocrx_word' id='word_1_61' title='bbox 2997 3548 3020 3583; x_wconf 88' lang='lat'><strong><em>,</em></strong></span> <span class='ocrx_word' id='word_1_62' title='bbox 3074 3495 3490 3569; x_wconf 76' lang='lat' dir='ltr'>nihilominus</span> <span class='ocrx_word' id='word_1_63' title='bbox 3545 3519 3650 3565; x_wconf 83' lang='lat' dir='ltr'>eas</span> <span class='ocrx_word' id='word_1_64' title='bbox 3697 3491 3852 3564; x_wconf 76' lang='lat' dir='ltr'>mit-</span> 
     </span>
    </p>

    <p class='ocr_par' dir='ltr' id='par_1_10' title="bbox 2133 3592 3851 3689">
     <span class='ocr_line' id='line_1_12' title="bbox 2133 3592 3851 3689; baseline 0.003 -29"><span class='ocrx_word' id='word_1_65' title='bbox 2133 3593 2357 3663; x_wconf 81' lang='lat' dir='ltr'>tendas</span> <span class='ocrx_word' id='word_1_66' title='bbox 2408 3592 2565 3666; x_wconf 90' lang='lat' dir='ltr'>Tibi</span> <span class='ocrx_word' id='word_1_67' title='bbox 2611 3593 2734 3668; x_wconf 86' lang='lat' dir='ltr'>effe</span> <span class='ocrx_word' id='word_1_68' title='bbox 2781 3597 2990 3675; x_wconf 81' lang='lat' dir='ltr'>duxi3</span> <span class='ocrx_word' id='word_1_69' title='bbox 3037 3612 3113 3666; x_wconf 89' lang='lat' dir='ltr'>ut</span> <span class='ocrx_word' id='word_1_70' title='bbox 3151 3619 3363 3689; x_wconf 84' lang='lat' dir='ltr'>neque</span> <span class='ocrx_word' id='word_1_71' title='bbox 3399 3595 3468 3665; x_wconf 89' lang='lat' dir='ltr'>in</span> <span class='ocrx_word' id='word_1_72' title='bbox 3510 3593 3678 3679; x_wconf 85' lang='lat' dir='ltr'>aliis,</span> <span class='ocrx_word' id='word_1_73' title='bbox 3736 3616 3851 3665; x_wconf 83' lang='lat' dir='ltr'>ne·</span> 
     </span>
    </p>

    <p class='ocr_par' dir='ltr' id='par_1_11' title="bbox 2130 3687 3851 3786">
     <span class='ocr_line' id='line_1_13' title="bbox 2130 3687 3851 3786; baseline 0.001 -27"><span class='ocrx_word' id='word_1_74' title='bbox 2130 3715 2257 3780; x_wconf 89' lang='lat' dir='ltr'>que</span> <span class='ocrx_word' id='word_1_75' title='bbox 2297 3692 2402 3762; x_wconf 89' lang='lat' dir='ltr'>hic</span> <span class='ocrx_word' id='word_1_76' title='bbox 2447 3702 2796 3785; x_wconf 80' lang='lat' dir='ltr'>paratum,</span> <span class='ocrx_word' id='word_1_77' title='bbox 2848 3694 2977 3776; x_wconf 78' lang='lat' dir='ltr'>ad.</span> <span class='ocrx_word' id='word_1_78' title='bbox 3038 3717 3453 3786; x_wconf 74' lang='lat' dir='ltr'>quaecunque</span> <span class='ocrx_word' id='word_1_79' title='bbox 3520 3694 3678 3763; x_wconf 86' lang='lat' dir='ltr'>mihi</span> <span class='ocrx_word' id='word_1_80' title='bbox 3729 3687 3851 3761; x_wconf 82' lang='lat' dir='ltr'>abs</span> 
     </span>
    </p>

    <p class='ocr_par' dir='ltr' id='par_1_12' title="bbox 2132 3787 3850 3883">
     <span class='ocr_line' id='line_1_14' title="bbox 2132 3787 3850 3883; baseline 0.002 -26"><span class='ocrx_word' id='word_1_81' title='bbox 2132 3788 2232 3858; x_wconf 85' lang='lat' dir='ltr'>Te</span> <span class='ocrx_word' id='word_1_82' title='bbox 2276 3791 2700 3882; x_wconf 85' lang='lat' dir='ltr'>imponentur</span> <span class='ocrx_word' id='word_1_83' title='bbox 2751 3843 2775 3877; x_wconf 89' lang='lat'>,</span> <span class='ocrx_word' id='word_1_84' title='bbox 2837 3787 3056 3863; x_wconf 86' lang='lat' dir='ltr'>officia</span> <span class='ocrx_word' id='word_1_85' title='bbox 3086 3843 3109 3878; x_wconf 88' lang='lat'><strong><em>,</em></strong></span> <span class='ocrx_word' id='word_1_86' title='bbox 3173 3794 3488 3881; x_wconf 64' lang='lat' dir='ltr'>animum=</span> <span class='ocrx_word' id='word_1_87' title='bbox 3520 3794 3850 3883; x_wconf 75' lang='lat' dir='ltr'>requirere</span> 
     </span>
    </p>

    <p class='ocr_par' dir='ltr' id='par_1_13' title="bbox 2146 3882 3853 3983">
     <span class='ocr_line' id='line_1_15' title="bbox 2146 3882 3853 3983; baseline 0.003 -29"><span class='ocrx_word' id='word_1_88' title='bbox 2146 3882 2363 3972; x_wconf 81' lang='lat' dir='ltr'>poffis.</span> <span class='ocrx_word' id='word_1_89' title='bbox 2467 3886 2697 3983; x_wconf 76' lang='lat' dir='ltr'>Scripsi</span> <span class='ocrx_word' id='word_1_90' title='bbox 2747 3907 2897 3962; x_wconf 83' lang='lat' dir='ltr'>ante·</span> <span class='ocrx_word' id='word_1_91' title='bbox 2967 3890 3190 3969; x_wconf 69' lang='lat' dir='ltr'>deeem</span> <span class='ocrx_word' id='word_1_92' title='bbox 3248 3911 3364 3962; x_wconf 85' lang='lat' dir='ltr'>aut</span> <span class='ocrx_word' id='word_1_93' title='bbox 3408 3891 3692 3982; x_wconf 84' lang='lat' dir='ltr'>amplius</span> <span class='ocrx_word' id='word_1_94' title='bbox 3735 3912 3853 3959; x_wconf 86' lang='lat' dir='ltr'>an·</span> 
     </span>
    </p>

    <p class='ocr_par' dir='ltr' id='par_1_14' title="bbox 2066 3981 3855 4080">
     <span class='ocr_line' id='line_1_16' title="bbox 2066 3981 3855 4080; baseline 0.001 -26"><span class='ocrx_word' id='word_1_95' title='bbox 2066 3986 2068 4054; x_wconf 63' lang='lat'>3</span> <span class='ocrx_word' id='word_1_96' title='bbox 2134 4003 2250 4050; x_wconf 87' lang='lat' dir='ltr'>nos</span> <span class='ocrx_word' id='word_1_97' title='bbox 2290 3981 2561 4056; x_wconf 84' lang='lat' dir='ltr'>brevem</span> <span class='ocrx_word' id='word_1_98' title='bbox 2605 3988 2680 4060; x_wconf 82' lang='lat' dir='ltr'>de</span> <span class='ocrx_word' id='word_1_99' title='bbox 2733 3997 3008 4080; x_wconf 81' lang='lat' dir='ltr'><em>Tempore</em></span> <span class='ocrx_word' id='word_1_100' title='bbox 3066 3985 3680 4061; x_wconf 72' lang='lat' dir='ltr'>differtatiunctssam</span> <span class='ocrx_word' id='word_1_101' title='bbox 3703 4036 3727 4073; x_wconf 89' lang='lat'>‚</span> <span class='ocrx_word' id='word_1_102' title='bbox 3779 3986 3855 4057; x_wconf 87' lang='lat' dir='ltr'>in</span> 
     </span>
    </p>

    <p class='ocr_par' dir='ltr' id='par_1_15' title="bbox 2066 4084 3855 4185">
     <span class='ocr_line' id='line_1_17' title="bbox 2066 4084 3855 4185; baseline 0.005 -36"><span class='ocrx_word' id='word_1_103' title='bbox 2066 4120 2067 4172; x_wconf 66' lang='lat'>1</span> <span class='ocrx_word' id='word_1_104' title='bbox 2144 4104 2321 4172; x_wconf 84' lang='lat' dir='ltr'>qua,</span> <span class='ocrx_word' id='word_1_105' title='bbox 2375 4084 2628 4157; x_wconf 84' lang='lat' dir='ltr'>tametsi</span> <span class='ocrx_word' id='word_1_106' title='bbox 2698 4088 2906 4160; x_wconf 85' lang='lat' dir='ltr'>multa</span> <span class='ocrx_word' id='word_1_107' title='bbox 2950 4088 3110 4158; x_wconf 81' lang='lat' dir='ltr'>mihi</span> <span class='ocrx_word' id='word_1_108' title='bbox 3177 4085 3549 4180; x_wconf 84' lang='lat' dir='ltr'>displiceant</span> <span class='ocrx_word' id='word_1_109' title='bbox 3583 4136 3607 4173; x_wconf 89' lang='lat'>,</span> <span class='ocrx_word' id='word_1_110' title='bbox 3688 4109 3855 4185; x_wconf 85' lang='lat' dir='ltr'>quae</span> 
     </span>
    </p>

    <p class='ocr_par' dir='ltr' id='par_1_16' title="bbox 2066 4179 3857 4277">
     <span class='ocr_line' id='line_1_18' title="bbox 2066 4179 3857 4277; baseline 0.003 -26"><span class='ocrx_word' id='word_1_111' title='bbox 2066 4199 2069 4223; x_wconf 61' lang='lat'>⁸</span> <span class='ocrx_word' id='word_1_112' title='bbox 2131 4179 2446 4271; x_wconf 82' lang='lat' dir='ltr'>puerilem</span> <span class='ocrx_word' id='word_1_113' title='bbox 2486 4181 2745 4264; x_wconf 71' lang='lat' dir='ltr'>sariunt</span> <span class='ocrx_word' id='word_1_114' title='bbox 2783 4205 3094 4264; x_wconf 65' lang='lat' dir='ltr'>aetatenn</span> <span class='ocrx_word' id='word_1_115' title='bbox 3148 4204 3367 4257; x_wconf 84' lang='lat' dir='ltr'>tamen</span> <span class='ocrx_word' id='word_1_116' title='bbox 3395 4233 3419 4269; x_wconf 88' lang='lat'><strong><em>,</em></strong></span> <span class='ocrx_word' id='word_1_117' title='bbox 3468 4185 3622 4277; x_wconf 81' lang='lat' dir='ltr'>quia</span> <span class='ocrx_word' id='word_1_118' title='bbox 3657 4208 3857 4277; x_wconf 80' lang='lat' dir='ltr'>quae·</span> 
     </span>
    </p>

    <p class='ocr_par' dir='ltr' id='par_1_17' title="bbox 890 4274 3857 4869">
     <span class='ocr_line' id='line_1_19' title="bbox 922 4274 3856 4376; baseline 0.002 -27"><span class='ocrx_word' id='word_1_119' title='bbox 922 4280 1080 4349; x_wconf 86' lang='lat' dir='ltr'>dam</span> <span class='ocrx_word' id='word_1_120' title='bbox 1127 4297 1330 4348; x_wconf 71' lang='lat' dir='ltr'>etiam</span> <span class='ocrx_word' id='word_1_121' title='bbox 1367 4277 1532 4347; x_wconf 87' lang='lat' dir='ltr'>inibi</span> <span class='ocrx_word' id='word_1_122' title='bbox 1567 4274 1893 4347; x_wconf 85' lang='lat' dir='ltr'>habentur</span> <span class='ocrx_word' id='word_1_123' title='bbox 1944 4275 2030 4345; x_wconf 87' lang='lat' dir='ltr'>ab</span> <span class='ocrx_word' id='word_1_124' title='bbox 2073 4278 2208 4349; x_wconf 81' lang='lat' dir='ltr'>aliis</span> <span class='ocrx_word' id='word_1_125' title='bbox 2265 4303 2400 4350; x_wconf 87' lang='lat' dir='ltr'>non</span> <span class='ocrx_word' id='word_1_126' title='bbox 2445 4280 2679 4376; x_wconf 82' lang='lat' dir='ltr'>paflim</span> <span class='ocrx_word' id='word_1_127' title='bbox 2721 4283 3116 4364; x_wconf 80' lang='lat' dir='ltr'>observata,-</span> <span class='ocrx_word' id='word_1_128' title='bbox 3170 4282 3471 4354; x_wconf 81' lang='lat' dir='ltr'>fasciculo</span> <span class='ocrx_word' id='word_1_129' title='bbox 3532 4307 3678 4354; x_wconf 87' lang='lat' dir='ltr'>eam</span> <span class='ocrx_word' id='word_1_130' title='bbox 3728 4283 3856 4355; x_wconf 85' lang='lat' dir='ltr'>ad-</span> 
     </span>
     <span class='ocr_line' id='line_1_20' title="bbox 890 4372 3857 4474; baseline 0.002 -28"><span class='ocrx_word' id='word_1_131' title='bbox 890 4376 1211 4469; x_wconf 44' lang='lat' dir='ltr'>*jecturus</span> <span class='ocrx_word' id='word_1_132' title='bbox 1257 4398 1435 4446; x_wconf 81' lang='lat' dir='ltr'>eram</span> <span class='ocrx_word' id='word_1_133' title='bbox 1461 4423 1487 4460; x_wconf 84' lang='lat'>‚</span> <span class='ocrx_word' id='word_1_134' title='bbox 1525 4372 1632 4446; x_wconf 88' lang='lat' dir='ltr'>sed</span> <span class='ocrx_word' id='word_1_135' title='bbox 1663 4374 1829 4445; x_wconf 86' lang='lat' dir='ltr'>inter</span> <span class='ocrx_word' id='word_1_136' title='bbox 1870 4373 2145 4446; x_wconf 87' lang='lat' dir='ltr'>Schedas</span> <span class='ocrx_word' id='word_1_137' title='bbox 2192 4391 2367 4449; x_wconf 86' lang='lat' dir='ltr'>meas</span> <span class='ocrx_word' id='word_1_138' title='bbox 2404 4385 2682 4474; x_wconf 85' lang='lat' dir='ltr'>reperire</span> <span class='ocrx_word' id='word_1_139' title='bbox 2729 4409 2862 4454; x_wconf 80' lang='lat' dir='ltr'>non</span> <span class='ocrx_word' id='word_1_140' title='bbox 2913 4382 3118 4474; x_wconf 89' lang='lat' dir='ltr'>potui.</span> <span class='ocrx_word' id='word_1_141' title='bbox 3220 4382 3298 4451; x_wconf 88' lang='lat' dir='ltr'>In</span> <span class='ocrx_word' id='word_1_142' title='bbox 3347 4384 3419 4452; x_wconf 90' lang='lat' dir='ltr'>iis</span> <span class='ocrx_word' id='word_1_143' title='bbox 3453 4430 3477 4466; x_wconf 88' lang='lat'><strong><em>,</em></strong></span> <span class='ocrx_word' id='word_1_144' title='bbox 3526 4406 3682 4474; x_wconf 80' lang='lat' dir='ltr'>quae</span> <span class='ocrx_word' id='word_1_145' title='bbox 3715 4383 3857 4453; x_wconf 84' lang='lat' dir='ltr'>mi-</span> 
     </span>
     <span class='ocr_line' id='line_1_21' title="bbox 927 4469 3855 4573; baseline 0.003 -30"><span class='ocrx_word' id='word_1_146' title='bbox 927 4470 976 4543; x_wconf 81' lang='lat' dir='ltr'>fi</span> <span class='ocrx_word' id='word_1_147' title='bbox 1004 4525 1027 4560; x_wconf 84' lang='lat'>,</span> <span class='ocrx_word' id='word_1_148' title='bbox 1058 4470 1528 4564; x_wconf 51' lang='lat' dir='ltr'>pbservabitur</span> <span class='ocrx_word' id='word_1_149' title='bbox 1574 4473 1788 4564; x_wconf 84' lang='lat' dir='ltr'>aliqua</span> <span class='ocrx_word' id='word_1_150' title='bbox 1824 4469 2288 4547; x_wconf 80' lang='lat' dir='ltr'>sententiarum</span> <span class='ocrx_word' id='word_1_151' title='bbox 2345 4476 2761 4573; x_wconf 82' lang='lat' dir='ltr'>discrepantia</span> <span class='ocrx_word' id='word_1_152' title='bbox 2804 4509 2828 4561; x_wconf 89' lang='grc'>,-</span> <span class='ocrx_word' id='word_1_153' title='bbox 2904 4494 3115 4572; x_wconf 82' lang='lat' dir='ltr'>neque</span> <span class='ocrx_word' id='word_1_154' title='bbox 3169 4480 3341 4550; x_wconf 85' lang='lat' dir='ltr'>enim</span> <span class='ocrx_word' id='word_1_155' title='bbox 3388 4481 3710 4551; x_wconf 83' lang='lat' dir='ltr'>recentior</span> <span class='ocrx_word' id='word_1_156' title='bbox 3763 4478 3855 4552; x_wconf 75' lang='lat' dir='ltr'>de</span> 
     </span>
     <span class='ocr_line' id='line_1_22' title="bbox 926 4564 3855 4672; baseline 0.002 -26"><span class='ocrx_word' id='word_1_157' title='bbox 926 4577 1166 4646; x_wconf 82' lang='lat' dir='ltr'><em>Atomis</em></span> <span class='ocrx_word' id='word_1_158' title='bbox 1216 4564 1563 4642; x_wconf 81' lang='lat' dir='ltr'>differtatio</span> <span class='ocrx_word' id='word_1_159' title='bbox 1606 4571 1673 4640; x_wconf 89' lang='lat' dir='ltr'>in</span> <span class='ocrx_word' id='word_1_160' title='bbox 1719 4570 2029 4640; x_wconf 84' lang='lat' dir='ltr'>omnibus</span> <span class='ocrx_word' id='word_1_161' title='bbox 2102 4599 2256 4645; x_wconf 85' lang='lat' dir='ltr'>cum</span> <span class='ocrx_word' id='word_1_162' title='bbox 2311 4576 2588 4669; x_wconf 83' lang='lat' dir='ltr'>Dialogo</span> <span class='ocrx_word' id='word_1_163' title='bbox 2643 4580 2725 4649; x_wconf 86' lang='lat' dir='ltr'>de</span> <span class='ocrx_word' id='word_1_164' title='bbox 2773 4580 3017 4648; x_wconf 75' lang='lat' dir='ltr'>finibus</span> <span class='ocrx_word' id='word_1_165' title='bbox 3063 4578 3279 4648; x_wconf 82' lang='lat' dir='ltr'>mundi</span> <span class='ocrx_word' id='word_1_166' title='bbox 3330 4572 3653 4672; x_wconf 72' lang='lat' dir='ltr'>congruit.-</span> <span class='ocrx_word' id='word_1_167' title='bbox 3759 4578 3855 4651; x_wconf 90' lang='lat' dir='ltr'>In</span> 
     </span>
     <span class='ocr_line' id='line_1_23' title="bbox 929 4667 3851 4771; baseline 0.001 -27"><span class='ocrx_word' id='word_1_168' title='bbox 929 4673 1139 4766; x_wconf 80' lang='lat' dir='ltr'>prima</span> <span class='ocrx_word' id='word_1_169' title='bbox 1191 4671 1256 4742; x_wconf 89' lang='lat'>&amp;</span> <span class='ocrx_word' id='word_1_170' title='bbox 1290 4667 1565 4743; x_wconf 80' lang='lat' dir='ltr'>secunda</span> <span class='ocrx_word' id='word_1_171' title='bbox 1628 4667 1892 4762; x_wconf 80' lang='lat' dir='ltr'>Dialogi</span> <span class='ocrx_word' id='word_1_172' title='bbox 1940 4683 2125 4763; x_wconf 82' lang='lat' dir='ltr'>parte</span> <span class='ocrx_word' id='word_1_173' title='bbox 2148 4723 2171 4762; x_wconf 88' lang='lat'>‚</span> <span class='ocrx_word' id='word_1_174' title='bbox 2215 4669 2453 4767; x_wconf 81' lang='lat' dir='ltr'>quibus</span> <span class='ocrx_word' id='word_1_175' title='bbox 2494 4674 2762 4749; x_wconf 86' lang='lat' dir='ltr'>ostendo</span> <span class='ocrx_word' id='word_1_176' title='bbox 2785 4727 2810 4766; x_wconf 88' lang='lat'>‚</span> <span class='ocrx_word' id='word_1_177' title='bbox 2859 4677 3014 4771; x_wconf 85' lang='lat' dir='ltr'>quid</span> <span class='ocrx_word' id='word_1_178' title='bbox 3056 4676 3418 4770; x_wconf 85' lang='lat' dir='ltr'>impedierit</span> <span class='ocrx_word' id='word_1_179' title='bbox 3458 4675 3851 4769; x_wconf 72' lang='lat' dir='ltr'>Cartqlimn,</span> 
     </span>
     <span class='ocr_line' id='line_1_24' title="bbox 2425 4795 3852 4869; baseline 0.006 -29"><span class='ocrx_word' id='word_1_180' title='bbox 2425 4795 2431 4811; x_wconf 94' lang='lat'><strong>·</strong></span> <span class='ocrx_word' id='word_1_181' title='bbox 3696 4797 3852 4869; x_wconf 87' lang='lat' dir='ltr'>quo</span> 
     </span>
    </p>
   </div>
   <div class='ocr_carea' id='block_1_6' title="bbox 4149 2461 4152 3322">
    <p class='ocr_par' dir='ltr' id='par_1_18' title="bbox 4149 2461 4152 3322">
     <span class='ocr_line' id='line_1_25' title="bbox 4149 2461 4152 3322; baseline 0 0"><span class='ocrx_word' id='word_1_182' title='bbox 4149 2461 4152 3322; x_wconf 95' lang='lat' dir='ltr'> </span> 
     </span>
    </p>
   </div>
  </div>
 </body>
</html>
