4188 5670
899 369 1049 443 402
1403 333 2061 431 D1'ssea‘r.2
2157 348 2305 433 n'n
2401 360 3126 440 Meu-eolus

901 553 1037 623 quo
1088 531 1343 606 nonnifi
1396 545 1538 608 ra'ra
1574 554 1833 607 naturae
1890 537 1952 607 &
2004 536 2161 607 artis
2200 535 2496 631 affervari
2548 539 2771 615 solent.
2850 545 2943 615 Hi
2991 542 3287 615 homines
3331 565 3683 636 nunquam
3732 546 3820 617 ita

900 626 963 698 se
1011 626 1317 722 abjicient
1341 683 1363 717 ‚
1430 651 1506 704 ut
1551 638 1891 704 Ciceronem
1912 683 1934 719 ‚
1990 640 2336 710 Ciceronem
2353 658 2595 712 vocent
2616 669 2635 710 .-
2660 648 2923 732 Arpinas
2951 645 3139 734 noster
3167 665 3252 711 ex
3271 638 3444 712 libro
3471 640 3817 734 phrafium

900 725 991 799 est
1014 729 1344 801 vocandus
1368 757 1394 799 2
1432 731 1690 820 Plautus
1715 780 1738 816 ,
1784 732 2125 825 familiaris
2157 740 2345 826 noster
2387 736 2677 825 sarsinas.
2763 745 3066 811 Horatius
3117 762 3458 831 nunquam
3499 747 3819 812 Horatius
3896 787 3902 792 -

902 826 993 897 est
1012 877 1034 912 ‚
1084 827 1192 899 sed
1241 827 1566 916 Venusinus
1611 836 1900 927 Cygnum
1966 828 2128 903 bunc
2176 829 2224 903 fi
2266 832 2435 910 forte
2482 859 2637 908 cum
2678 838 2919 931 Virgilio
2977 855 3359 929 comparant
3388 887 3410 922 ‚
3437 838 3671 910 dicent
3686 888 3709 923 ‚
3755 837 3814 909 ίέ

902 927 1200 1020 lacrymas
1269 928 1335 998 &
1374 926 1639 1018 suspiria
1690 931 1860 1000 inter
1920 926 1986 998 se
2051 953 2444 1025 comparare.
2519 1007 2526 1014 „
2558 938 3165 1026 Quantumcunque
3238 959 3485 1007 nomen
3561 942 3817 1016 Homeri
3893 989 3898 994 .

901 1019 985 1094 fit
1010 1074 1033 1109 ‚
1091 1048 1429 1118 nunquam
1457 1044 1693 1098 tamen·
1707 1035 2011 1104 Homerus
2038 1026 2131 1098 est
2153 1032 2489 1104 vocandus
2514 1082 2539 1118 ‚
2595 1031 2702 1104 sed
2727 1057 2812 1105 ex
2842 1034 3124 1106 Horatio
3151 1082 3174 1117 ,
3203 1039 3254 1104 is
3276 1041 3388 1131 qui
3421 1034 3521 1105 nil
3551 1036 3809 1108 molitur

905 1128 1113 1213 inepte.
1210 1127 1508 1217 Loquere
1537 1147 1691 1196 cum
1713 1127 1808 1198 his
1829 1124 1911 1196 de
1953 1130 2250 1200 Martiali
2269 1157 2296 1211 ,-
2319 1148 2625 1223 quaerent
2664 1155 2750 1202 an
2796 1131 3223 1205 Bilbilitanum
3244 1149 3672 1226 argutatorem
3702 1156 3808 1203 ve-

905 1221 983 1291 lis
1003 1221 1233 1294 dicere.
1314 1224 1504 1330 Erras
1537 1271 1561 1308 ,
1626 1219 1676 1294 fi
1705 1226 1824 1296 hos
1860 1248 2152 1316 unquam
2203 1227 2446 1300 vinum
2472 1225 2699 1301 bibere
2734 1246 2856 1300 aut
2881 1250 3118 1323 panem
3163 1228 3353 1301 edere
3375 1248 3575 1322 putas
3605 1257 3625 1300 z
3664 1237 3816 1304 Bae⁴

904 1317 1002 1391 chi
1039 1346 1292 1402 munera
1329 1320 1625 1393 hauriunt
1652 1373 1678 1408 ‚
1735 1329 2014 1394 Cererem
2058 1323 2434 1414 consumunt.
2551 1326 2737 1415 Qid
2779 1325 3068 1420 quaeris?
3116 1326 3375 1399 Omnes
3419 1350 3813 1400 communes

907 1416 1217 1512 loquendi
1262 1419 1507 1493 formas
1544 1422 1877 1516 Spa'niologi
1912 1418 2009 1492 isti
2060 1447 2207 1500 cane
2238 1425 2410 1515 pejus
2469 1420 2562 1510 &²
2605 1446 2801 1522 angue
2822 1475 2847 1511 ‚
2890 1421 2978 1497 fic
3026 1424 3202 1498 enim
3250 1424 3660 1517 loquuntur,
3699 1427 3818 1520 fu-
3926 1455 3932 1460 ·

899 1523 1102 1611 giam,
1147 1512 1218 1587 (θ’
1264 1518 1589 1618 plusquam
1646 1525 1962 1594 Vatiniano
2019 1519 2150 1592 odio
2175 1520 2670 1621 proliquuntur3
2720 1525 2786 1606 &
2808 1547 2892 1595 ne
2921 1524 3186 1617 quidem
3215 1548 3369 1596 cum
3391 1523 3550 1598 Deo
3589 1520 3710 1598 nifi
3731 1546 3812 1602 ex

907 1612 1233 1688 Viridario
1262 1637 1376 1688 aut
1417 1640 1501 1688 ex
1528 1613 1960 1692 formularum
2014 1616 2184 1726 libro
2234 1619 2416 1714 loqui
2443 1616 2723 1715 pofl'unt.

1102 1761 1228 1835 Sed
1255 1783 1471 1835 errant
1491 1815 1517 1852 ‚
1573 1765 1814 1859 quibus
1844 1767 2087 1839 rariora
2131 1762 2380 1861 semper
2410 1763 2790 1840 sublimiora
2835 1715 3183 1841 videntur:
3261 1766 3448 1840 aliter
3477 1765 3674 1841 ssnfit
3705 1766 3795 1844 C.

910 1855 1127 1932 Caesar
1161 1911 1186 1947 ‚
1275 1864 1389 1955 qui
1447 1861 1708 1950 verbum
1752 1864 1994 1956 insolens
2038 1884 2337 1965 tanquam
2357 1863 2671 1958 seopulam
2692 1866 3062 1962 fugiendum
3105 1862 3218 1957 effe
3275 1864 3553 1940 censuit.
3635 1866 3793 1937 Rara

908 1981 1172 2052 quoque
1198 1956 1346 2032 sunt
1378 1960 1664 2034 monstra
1688 2012 1712 2049 ‚
1758 1961 1866 2035 fied
1896 1989 2031 2036 nou
2071 1963 2221 2035 ideo
2245 1964 2566 2058 pulchra:
2618 1964 2776 2036 Rari
2803 1964 2996 2051 nani,
3032 1960 3139 2036 sed
3166 1987 3304 2036 non
3335 1964 3489 2037 ideo
3519 1960 3781 2060 grandes·

803 2091 827 2104 -
860 2082 867 2088 ·
907 2056 1036 2128 Illis
1061 2057 1308 2138 Plauti;
1362 2057 1674 2150 ipsiffimus
1694 2111 1716 2147 ,
1758 2059 2191 2157 geminiffimus
2214 2111 2237 2146 ,
2286 2060 2717 2151 exclufiffimus
2736 2112 2761 2148 ‚
2821 2060 3194 2151 occiliffi'mus
3231 2112 3256 2147 ,
3294 2059 3731 2160 ficolatronidae
3756 2104 3783 2143 ‚

905 2157 1629 2254 argentiexterebronidae‚
1655 2159 2076 2252 fustitudineae
2091 2206 2111 2237 ‚
2141 2158 2550 2251 ferricrepinae
2594 2159 2801 2250 instelae
2824 2211 2849 2247 ‚
2883 2184 3036 2252 quae
3069 2158 3152 2231 ad
3177 2157 3378 2231 risum
3407 2159 3783 2253 captandum

904 2252 1183 2327 conficta
1233 2254 1381 2328 sunt
1406 2306 1427 2341 ,
1491 2258 1560 2328 in
1605 2258 1902 2329 oratione
1934 2254 2194 2330 sublimi
2239 2258 2336 2330 uti
2379 2258 2601 2344 velle·²
2680 2259 2823 2350 quis
2873 2282 3012 2328 non
3046 2258 3228 2329 videt
3259 2255 3377 2330 effe
3404 2258 3728 2329 ridiculum
3753 2254 3788 2326 ‚⁷
3893 2348 3903 2357 υ

777 2429 793 2445 ‚
822 2347 838 2362 ⁶
905 2356 1043 2442 Qi
1100 2355 1543 2427 Alexandrum
1603 2352 1850 2450 ubique
1914 2357 2198 2429 Pellaeum
2223 2357 2516 2442 juvenem
2540 2398 2559 2427 ‚
2629 2353 3041 2427 Aristotelem
3090 2361 3461 2453 Stagyritam
3505 2374 3770 2430 vocanr3

900 2451 1247 2545 magnifice
1274 2450 1393 2524 fibi
1440 2455 1618 2548 loqui
1651 2455 1959 2526 videntur
2004 2504 2028 2539 ‚
2087 2450 2267 2546 quafi
2304 2453 2746 2526 Alexandri&
2769 2452 3126 2525 Aristotelis
3149 2456 3405 2524 nomina
3438 2476 3566 2522 non
3588 2446 3771 2521 effent

901 2550 1269 2643 grandiora·
1295 2553 1698 2647 Magnopere
1718 2551 2019 2624 videlicet
2060 2552 2376 2624 Carolum
2401 2551 2484 2622 V.
2518 2551 2998 2644 Imperatorem
3028 2554 3093 2623 &
3117 2552 3471 2624 Hem-icum
3486 2548 3601 2621 IV.
3629 2545 3776 2619 Gal-

900 2651 1008 2721 liae
1042 2651 1290 2744 Regem
1338 2653 1732 2736 extolleret,
1799 2652 1912 2744 qui
1943 2651 2223 2722 alterum
2273 2649 2645 2739 Gandensem
2683 2651 2982 2735 juvenem
3013 2700 3037 2735 ,
3100 2651 3383 2722 alterum
3431 2645 3785 2736 Bearnenfem

786 2753 792 2760 '
850 2842 853 2845 .
899 2747 1303 2844 appellaret?
1332 2750 1657 2822 Grandius
1682 2746 1743 2820 se
1787 2748 2325 2841 loqui-existimat
2353 2801 2375 2837 ‚
2420 2750 2534 2842 qui
2556 2747 2929 2826 Pindarum,
2957 2747 3245 2819 Thebana:
3270 2745 3744 2845 Lyraefidicinem
3761 2755 3796 2847 ⁹}

898 2873 1101 2938 quam
1127 2851 1239 2941 qui
1268 2849 1622 2921 Pindarum
1674 2850 1829 2921 dicit
1852 2901 1876 2935 ‚
1938 2850 2054 2942 qui
2091 2870 2314 2922 tamen
2345 2845 2475 2942 ipse
2501 2848 2723 2919 mallet
2749 2846 3065 2919 Pindarus
3092 2873 3292 2940 quam
3312 2844 3546 2918 fidicen
3566 2845 3788 2916 vocari.

900 2946 1085 3017 Sunt,
1109 2972 1272 3037 quos
1295 2948 1484 3017 nullis
1519 2945 2006 3020 conditionibus
2039 2968 2462 3041 permoveres
2493 2996 2516 3031 ,
2578 2966 2656 3017 ut
2685 2946 3011 3017 dicerent:
3074 2944 3409 3020 Omnibus
3434 2944 3562 3015 hoc
3579 2963 3797 3015 notum

893 3042 991 3113 'cst
1014 3072 1035 3124 3
1063 3045 1317 3115 malunt
1340 3067 1422 3111 ex
1451 3043 1883 3116 formularum
1907 3043 2077 3116 libro
2104 3073 2123 3114 ε
2153 3052 2233 3115 Et
2258 3045 2423 3134 lippis
2446 3040 2536 3128 δέ)
2556 3043 2888 3134 tonsoribus
2904 3048 2980 3135 est
2995 3062 3243 3115 notum:
3282 3064 3351 3115 at
3375 3043 3535 3136 lippi
3563 3043 3630 3113 hi
3661 3062 3796 3112 cum

794 3166 808 3174 ·
838 3163 848 3172 ·
890 3137 1029 3217 suis
1052 3139 1418 3216 tonsoribus
1467 3140 1688 3212 illustri
1722 3140 2063 3236 praesentia
2083 3138 2504 3236 magnificam
2548 3143 2917 3214 orationem
2957 3167 3094 3214 non
3130 3143 3319 3214 valde
3343 3142 3785 3212 condecorant.

1097 3291 1223 3365 Alii
1252 3311 1646 3383 magnopere
1666 3283 1785 3359 fibi
1815 3287 2128 3359 extollere
2158 3288 2461 3360 videntur
2484 3282 2807 3381 quaslibet
2821 3311 2920 3359 res
2929 3336 2958 3373 ‚
3005 3281 3055 3357 fi
3079 3305 3346 3358 tantum
3370 3311 3480 3359 eas
3508 3286 3664 3359 inter
3683 3305 3792 3355 cae-

910 3408 1076 3462 teras
1103 3389 1198 3462 sui
1229 3388 1491 3481 generis·
1520 3406 1717 3486 caput
1761 3380 1988 3459 efferre
2018 3386 2247 3458 dicunt
2277 3435 2301 3472 ‚

1299 3554 1621 3644 Qantum
1643 3539 1809 3612 lenta
1820 3537 2015 3628 solent
2050 3543 2211 3610 inter
2232 3510 2504 3612 vibra-na
2533 3534 2784 3630 caprff
2800 3566 2821 3607 .-

908 3719 1121 3788 neque
1144 3701 1673 3776 animadvertunt
1690 3751 1714 3788 ,
1753 3700 2087 3773 hominem
2107 3698 2420 3794 agrestem
2446 3695 2621 3793 apud
2641 3693 2990 3787 Virgilium
3022 3692 3113 3764 ita
3143 3689 3368 3785 loqui,
3408 3689 3520 3761 cui
3554 3681 3794 3778 campis,

909 3797 1109 3889 pratis
1138 3849 1160 3884 ‚
1215 3820 1410 3892 atque
1459 3797 1803 3871 arboribus
1830 3800 1985 3871 nihil
2012 3802 2188 3893 prius
2231 3796 2336 3869 est·
2923 3802 2930 3809 ’
2999 3806 3008 3813 ”
3293 3798 3312 3805 ”

1108 3896 1212 3969 Ita
1247 3904 1402 3990 tropi
1426 3920 1688 3989 quoque
1715 3948 1740 3984 ‚
1793 3893 2051 3971 tametsi
2102 3896 2375 3991 propriis
2413 3889 2642 3964 verbis
2680 3884 2808 3962 fint
2835 3888 3105 3960 rariores
3135 3939 3158 3973 ,
3210 3912 3345 3958 non
3396 3887 3552 3958 ideo
3583 3881 3810 3970 semper

911 3989 1061 4075 sunt
1109 3992 1527 4067 sublimioresa
1597 3995 1828 4088 Iniqua
1851 3994 2020 4087 saepe
2053 3996 2427 4068 conditione
2451 3990 2709 4084 propria
2732 4011 2886 4059 cum
2912 3988 3128 4058 alienis
3151 4006 3631 4079 permutatum,
3656 3977 3809 4092 plus·

909 4110 1037 4187 que
1094 4096 1182 4167 est
1210 4094 1274 4163 in
1308 4094 1426 4169 hac
1448 4095 1927 4187 permutatione
1976 4094 2249 4184 jasturae
2275 4113 2474 4183 quam
2499 4088 2676 4158 lucri.
2758 4088 2898 4174 Qui
2932 4087 3011 4156 cle
3037 4083 3410 4155 excellentia
3428 4074 3810 4153 homimslo-

906 4214 1237 4285 quantur,
1273 4195 1408 4266 non
1436 4210 1679 4284 augent
1704 4192 2073 4263 orationem
2096 4243 2118 4278 ‚
2160 4188 2206 4261 fi
2242 4213 2396 4259 eum
2457 4213 2589 4258 non
2619 4188 2770 4257 trita
2811 4208 2973 4255 voce
2999 4182 3375 4265 hominem,
3454 4179 3564 4250 sed
3604 4189 3810 4246 morta-

778 4318 785 4326 ·
864 4312 873 4321 ·
907 4296 1026 4362 lem
1077 4310 1338 4364 vocant.
1424 4291 1562 4382 Qi
1607 4292 1805 4362 toties
1848 4290 1929 4360 de
1953 4290 2171 4362 mundi
2182 4285 2524 4384 fornicibus
2551 4285 2911 4378 loquuntur
2944 4331 2966 4366 ,
3022 4281 3164 4372 plus
3188 4280 3477 4351 dicerent
3505 4274 3557 4347 fi
3584 4273 3811 4345 coelum

515 4588 805 4742 ἳὲξῗὲέῐ-

526 4754 753 4820 bievius.
797 4744 855 4806 d·

905 4392 1112 4462 c‘oelurn
1133 4413 1464 4463 vocarent.
1556 4390 1695 4476 Qi
1720 4388 1925 4461 coelum
1976 4389 2292 4460 buccinare
2333 4386 2420 4454 ait
2446 4433 2468 4468 ‚
2517 4384 2710 4476 longe
2743 4382 2956 4452 minus
2981 4380 3138 4449 dicit
3170 4428 3194 4465 ,
3236 4390 3437 4470 quam
3477 4372 3530 4445 si
3557 4365 3807 4464 p⁷oprie

907 4506 1136 4561 tonare
1168 4491 1426 4561 diceret.
1508 4489 1649 4574 Qui
1689 4510 1865 4557 mare
1895 4487 2245 4580 appellavit
2269 4479 2492 4577 f'officm
2535 4486 2705 4572 ponti
2726 4528 2743 4556 ,
2789 4472 3290 4572 fignificantiore
3317 4471 3466 4544 usus
3497 4466 3647 4543 effet
3680 4486 3812 4539 ver·

912 4586 1007 4660 bo
1037 4638 1060 4673 ‚
1113 4585 1163 4658 fi
1190 4588 1646 4683 quotidianum
1682 4586 1876 4654 maris
1926 4608 2172 4656 nomen
2215 4575 2590 4665 retinuiffet,
2690 4578 2794 4651 Ita
2840 4576 3001 4647 nihil
3050 4577 3120 4646 in
3147 4572 3639 4669 permutatione
3700 4582 3814 4633 vo-

914 4711 1066 4760 cum
1118 4689 1278 4762 lucri
1318 4689 1619 4780 capiunt,
1670 4682 1785 4775 qui
1815 4698 2059 4755 terram
2139 4706 2292 4755 eum
2334 4695 2511 4753 teme
2548 4678 2678 4772 pila
2700 4725 2725 4767 ‚
2778 4699 2960 4749 mare
3002 4695 3154 4747 cum
3171 4677 3492 4763 Neptnnia
3551 4668 3819 4826 lacuna&

3583 4785 3728 4856 equi
