4188 5670
1142 430 2523 519 Erxeaaunnrum
3144 452 3305 535 577

630 603 792 687 Sed
860 597 1194 713 quando
1236 621 1671 709 erumpunt
1723 604 1802 680 ὃς
1843 597 2038 682 fasta
2090 600 2284 681 hinc
2314 603 2559 685 noxia
2596 598 2982 716 surgunt,

629 724 825 803 Haec
860 717 1145 833 rigidis
1199 719 1415 828 leges
1448 716 1770 828 possunt
1818 741 2175 802 avertere
2213 722 2494 827 poenis.
2549 796 2562 805 r

630 842 705 919 A
742 836 1108 947 popule,
1174 830 1477 929 fateor,
1540 834 1847 916 salubre
1891 835 2000 916 est
2036 859 2391 919 avertere
2435 835 2773 932 damna,

629 957 732 1036 tt
781 956 996 1036 vitiis
1050 951 1241 1034 ideo
1278 978 1671 1063 magnum
1726 951 2112 1034 incuffiffe
2170 956 2577 1035 timorem.

627 1072 788 1152 Hic
830 1093 1100 1152 tamen
1154 1074 1239 1152 ὅ(
1283 1094 1526 1176 quam
1565 1067 1743 1150 sunt
1788 1066 2108 1151 infirma
2159 1071 2530 1180 repagula
2569 1070 2838 1181 leges?

630 1186 765 1268 Ah
802 1195 825 1274 Ξ
887 1189 1235 1268 minime
1288 1186 1527 1265 nobis
1561 1185 1780 1296 leges
1814 1185 2354 1294 mandataque
2399 1184 2705 1267 desunt.

635 1308 854 1384 Inter
909 1325 1033 1384 tot
1077 1303 1296 1413 leges
1335 1300 1471 1384 sed
1519 1323 1813 1411 quanta
1849 1301 2174 1383 lieentia
2203 1303 2546 1414 regnati,

630 1421 907 1528 Qem
938 1418 1347 1526 trepidum
1384 1415 1739 1501 reddunt
1780 1419 2057 1529 legum
2100 1445 2518 1527 poenaeque
2560 1418 3015 1525 minaeque?

636 1534 891 1641 Qod
931 1535 1225 1621 vibium
1276 1535 1628 1617 terrent?
1692 1534 2036 1644 superest
2075 1537 2210 1619 vix
2250 1533 2594 1643 amplius
2647 1532 2906 1616 ullum

636 1651 1001 1733 Sollicita
1040 1678 1227 1733 cura
1289 1651 1517 1760 quod
1557 1650 1635 1731 sc
1672 1673 1900 1762 putet
1954 1650 2105 1733 effe
2147 1652 2616 1763 tegendum.

635 1771 871 1850 Certe
911 1770 1344 1850 hominum
1377 1770 1594 1877 leges
1635 1770 1763 1848 cui
1805 1767 2158 1848 multum
2205 1767 2426 1876 poffe
2471 1766 2853 1847 videntur
2912 1823 2938 1859 ‚

627 1883 901 1965 Nescit
944 1885 1254 1977 adhue,
1322 1883 1526 1994 quid
1562 1884 1654 1965 fit
1684 1886 2125 1964 vetitorum
2190 1883 2506 1965 incensa
2554 1881 2883 1989 cupido.
3043 1989 3048 1995 ³

629 2001 826 2081 Haee
867 2001 976 2081 est
1017 2002 1515 2083 indomitum
1564 1999 1956 2109 quiddam
2013 2001 2243 2107 quod
2282 1997 2563 2081 cedere
2615 1997 2914 2093 nescit3

630 2119 1065 2226 Ingenium
1113 2117 1321 2197 illius
1361 2116 1663 2224 grande
1720 2118 1877 2198 est,
1943 2115 2285 2197 sollertia
2319 2118 2569 2207 mira,

631 2236 759 2315 Iit
793 2237 1050 2343 magis
1093 2233 1341 2341 usque
1379 2234 1632 2315 audax
1669 2290 1691 2326 ‚
1754 2234 2140 2342 legesque
2183 2233 2507 2315 eludere
2541 2231 2774 2313 dosta
2799 2285 2823 2323 ‚

628 2355 730 2431 Et
781 2348 978 2457 saepe
1026 2348 1269 2429 clusas
1305 2349 1621 2457 prorsus
1684 2372 2214 2432 contemnere
2265 2348 2558 2445 discit3

634 2464 933 2572 Hydrae
977 2465 1109 2545 illa
1165 2466 1271 2548 est
1325 2468 1598 2546 fimilis
1632 2521 1655 2555 ‚
1724 2469 1854 2544 cui
1894 2465 1952 2545 fi
1994 2488 2232 2573 caput
2272 2486 2629 2575 amputat
2669 2491 2924 2544 unum

629 2584 805 2666 Lex
841 2582 1105 2689 aliqua
1141 2637 1165 2672 ,
1228 2583 1423 2661 hine
1460 2578 1731 2664 videas
1771 2582 2182 2686 externplo
2236 2582 2467 2687 plura
2505 2578 2823 2659 renasci.

636 2703 721 2780 Si
772 2700 1031 2806 parvis
1068 2698 1262 2778 licet
1316 2698 1703 2805 exemplis
1760 2699 1845 2776 in
1890 2695 2330 2806 grandibus,
2369 2697 2536 2787 uti,
2849 2688 2853 2692 Α

632 2820 820 2896 Hoc
860 2813 989 2900 vel
1023 2812 1186 2896 sola
1237 2839 1550 2923 queunt
1604 2837 1728 2895 tot
1767 2840 1912 2894 nos
1956 2813 2327 2910 mandata
2381 2813 2684 2894 docere
2718 2867 2744 2905 ,

630 2933 865 3015 Edita
913 2953 1005 3013 ut
1054 2932 1343 3013 inflata:
1387 2935 1637 3014 carnis
1686 2952 2156 3041 tegumenta
2208 2930 2673 3012 reforment.

639 3056 873 3160 Qos
914 3076 1276 3157 unquam
1316 3049 1610 3129 frustus
1652 3050 1887 3129 toties
1944 3049 2215 3128 iterata
2268 3047 2665 3128 tulerunt?

638 3169 722 3246 Si
776 3193 933 3273 qua
968 3193 1449 3247 amoverunt
1503 3162 1880 3247 damnosa
1921 3191 2306 3271 parumve
2362 3162 2701 3248 decora,

635 3285 1008 3388 Protinu}
1051 3281 1299 3390 usque
1344 3310 1604 3388 novos
1656 3306 1798 3361 eor
1841 3307 2142 3362 vanum
2185 3284 2498 3362 invenit
2536 3281 2865 3362 amistus
2899 3337 2925 3375 ‚

633 3405 734 3480 Et
773 3405 1025 3508 magis
1061 3427 1153 3478 ac
1190 3399 1437 3505 prisea
1477 3399 1557 3479 δε
1617 3399 1905 3494 majori
1962 3399 2133 3498 jure
2176 3396 2535 3479 vetanda.

634 3521 729 3596 ln
769 3542 929 3597 tam
976 3516 1334 3596 futilibus
1383 3515 1442 3598 fi
1493 3543 1637 3595 cor
1676 3538 1836 3596 tam
1877 3513 2137 3593 fertile
2181 3541 2478 3595 vanum
2515 3514 2674 3610 est;

638 3633 867 3740 Qid
906 3661 1072 3712 non
1117 3635 1476 3713 inveniet
1528 3660 1669 3713 cor
1720 3655 2047 3712 avarum
2086 3654 2226 3710 aut
2261 3629 2831 3710 ambitiosum?

636 3751 899 3844 Hujus
939 3753 1090 3851 vix
1113 3752 1553 3857 quicquam
1597 3747 1835 3831 vafris
1906 3747 2329 3827 conatibus
2370 3747 2676 3843 obstat3
2809 3784 2813 3789 ·

642 3869 854 3944 Cum
902 3865 1123 3943 lubet
1167 3866 1410 3971 ipsam
1470 3869 1713 3946 etiam
1750 3865 2019 3973 legem
2074 3867 2160 3945 in
2199 3861 2332 3943 sua
2378 3860 2816 3946 commoda
2860 3866 3125 3950 vertit.

642 3988 745 4061 Et
784 3983 1057 4090 quales
1096 3984 1310 4061 vitiis
1352 3984 1591 4063 velles
1631 4009 2051 4092 opponere
2098 3980 2360 4091 leges,

647 4106 849 4202 Qae
901 4097 1275 4206 rapidum
1316 4098 1649 4179 illorum
1689 4100 2004 4178 cursum
2050 4097 2252 4179 bene
2290 4097 2545 4178 fistcre
2583 4099 2950 4203 possent?

647 4217 736 4291 Si
772 4217 901 4295 lex
938 4215 1320 4327 ambigua
1359 4216 1514 4307 est,
1577 4215 1684 4295 fic
1729 4216 1836 4297 est
1866 4213 2292 4322 gratisfima
2335 4215 2664 4316 multia

648 4329 963 4440 Judicis
1013 4334 1344 4415 arbitrio
1385 4331 1560 4443 plus
1612 4333 1745 4413 lex
1788 4329 2124 4412 obseura
2179 4331 2615 4438 relinquit,

652 4452 923 4541 Quam
978 4447 1033 4527 fi
1072 4449 1484 4557 perspicue
1540 4448 1827 4542 distat,
1894 4444 2100 4554 quid
2133 4449 2303 4549 jura
2350 4448 2820 4552 requirant:

655 4565 911 4677 Qod
961 4564 1019 4648 s1
1056 4565 1187 4647 lex
1247 4568 1355 4649 est
1398 4567 1601 4650 clara
1654 4565 1832 4648 satis
1879 4566 2345 4674 pariterque
2382 4563 2648 4647 severa
2676 4619 2702 4657 ,

1759 4690 1820 4764 E
1891 4710 1934 4763 e
1993 4708 2041 4761 e
2108 4709 2154 4759 e
2979 4681 3317 4770 Ten-ori
