4188 5670
1179 410 2535 491 Euan-Auunrun.
3162 432 3318 508 559

1508 582 1597 723 ἱ(3
1633 578 2147 664 CXXXII.

1713 744 1968 829 Aliud.

1613 893 1739 974 Ad
1807 892 2144 974 tundente

516 1061 793 1149 Invida
833 1086 1021 1145 cum
1069 1082 1384 1171 raperet
1417 1059 1747 1140 charum
1786 1056 2145 1139 Libitina
2198 1055 2671 1147 Parentem3

724 1179 1046 1261 flebam
1083 1230 1108 1259 2
1169 1175 1315 1258 sed
1353 1175 1598 1257 flebat
1629 1176 1883 1275 Batria
1935 1196 2107 1255 tota
2135 1168 2405 1253 'fimuL

515 1295 825 1403 Inclyte
874 1297 1069 1388 Vir,
1134 1295 1406 1375 Patriae
1442 1297 1575 1375 Tu
1615 1316 1833 1375 nunc
1873 1317 2061 1372 cum
2111 1287 2423 1369 foenore
2458 1281 2788 1402 reddisg

728 1417 928 1522 Qae
970 1408 1237 1492 doluit
1273 1437 1575 1519 nuper,
1640 1430 1858 1519 rapta
1893 1405 2122 1487 fuisse
2163 1402 2332 1484 fibi.

516 1532 609 1610 ln
651 1550 779 1621 te,
841 1554 1091 1636 quem
1131 1526 1418 1620 flebat,
1481 1525 1712 1608 simul
1749 1531 1827 1607 &
1881 1548 2087 1631 quos
2137 1521 2466 1602 fleverat
2505 1522 2754 1621 olim,

742 1650 839 1724 Et
878 1649 1189 1724 Patrem
1234 1650 1313 1724 δε
1350 1670 1738 1754 magnum
1785 1640 2137 1722 Raurica
2187 1643 2440 1717 cernit
2475 1644 2748 1722 Avurn
2780 1667 2813 1738 3

512 1759 655 1843 Illa
693 1762 942 1871 igitur
982 1759 1365 1867 lacrymas
1404 1785 1622 1840 nunc
1658 1763 1830 1863 jure
1871 1758 1957 1837 in
2007 1754 2299 1866 gaudia
2336 1756 2599 1835 vertit.

722 1883 834 1956 At
874 1875 1115 1959 decus
1146 1879 1322 1983 ‘hoc
1359 1878 1666 1959 meritis
1719 1871 2037 1982 insuper
2072 1868 2282 1952 adde
2333 1872 2534 1950 Tuis
2568 1904 2588 1951 ι

518 1994 732 2073 Cum
789 2013 957 2073 tota
1016 2016 1106 2075 ut
1153 1992 1441 2104 possim
1478 1996 1732 2102 patria
1771 1987 2168 2102 gaudere,
2231 1989 2648 2069 Parentem

724 2106 1015 2194 Redde
1049 2166 1074 2204 ,
1141 2114 1225 2192 in
1269 2136 1439 2219 quo
1482 2107 1771 2191 reddes
1819 2128 2097 2188 caetera
2133 2103 2458 2201 cunita,
2521 2102 2751 2187 mihi.

1453 2352 1458 2358 .
1507 2290 1575 2366 C
1612 2287 1680 2362 C
1699 2285 1781 2366 X
1802 2280 1884 2362 X
1903 2283 1986 2365 X
2017 2287 2101 2363 11
2140 2286 2198 2361 1.

1048 2436 1063 2447 ’
1140 2536 1154 2561 ¹
1210 2457 1302 2522 In
1352 2458 1880 2524 Praemaeturum
1920 2436 2151 2550 -bitjus
2197 2436 2499 2525 obitum.

519 2614 778 2693 Eccur
813 2628 977 2689 tam
1027 2606 1292 2690 subito
1357 2628 1640 2701 terras,
1706 2611 2147 2719 Zvingerc‚
2211 2590 2654 2716 relinquis?

732 2729 898 2805 Cur
946 2752 1198 2835 aegros
1243 2723 1610 2805 Medicus
1648 2722 1936 2835 deseris
1990 2747 2173 2805 ante
2234 2726 2539 2812 Diem?

517 2842 931 2926 Cunfianc
977 2847 1136 2948 jam
1170 2844 1446 2923 Patriae
1496 2841 1703 2922 mala
1740 2841 1921 2923 sunt
1965 2840 2225 2925 sanata
2259 2894 2293 2924 2
2347 2870 2511 2926 nec
2552 2843 2758 2928 ultra

726 2959 928 3041 Zelo
978 2965 1058 3041 &
1109 2957 1456 3040 confiliis
1511 2959 1825 3070 indiget
1871 2957 2004 3040 illa
2045 2960 2245 3043 tuis?

514 3080 650 3158 An
688 3079 955 3189 potius
1004 3076 1263 3157 nostra
1309 3072 1419 3156 est
1463 3073 1629 3156 sors
1665 3075 2111 3186 desperata,
2176 3105 2327 3161 nec
2379 3077 2582 3164 ultra

723 3202 893 3276 Nos
934 3189 1500 3304 Zvingeriades
1537 3190 1698 3300 ipse
1758 3198 2031 3299 juvare
2066 3197 2373 3306 potest?

517 3310 843 3394 Scilicet
883 3308 1386 3402 occidimus,
1447 3306 1505 3388 st
1555 3336 1707 3390 nos
1762 3309 2199 3422 spectamus
2238 3345 2255 3394 ε
2321 3335 2400 3395 at
2445 3315 2537 3397 in
2576 3315 2699 3396 Tc
2737 3315 2898 3416 est,

724 3434 799 3509 0
844 3433 1124 3519 Deus,
1189 3426 1565 3508 extremis
1618 3426 1871 3536 usque
1918 3428 2238 3511 medela
2298 3430 2554 3511 malis.

512 3542 829 3624 Fallor?
892 3563 994 3623 an
1045 3545 1214 3623 haec
1257 3540 1585 3623 tandem
1643 3545 1971 3628 venieti-
2026 3543 2257 3654 quod
2312 3549 2712 3628 cernimus
2755 3549 3045 3639 astrum
3063 3611 3092 3654 ‚

726 3657 1641 3767 Qantumvis-trepidis
1702 3659 1922 3769 spem
1970 3659 2362 3773 supercffc
2407 3662 2658 3773 jubet.

1544 3836 1612 3913 C
1637 3836 1705 3913 C
1724 3834 1806 3915 X
1824 3833 1906 3914 X
1922 3835 2004 3916 X
2025 3839 2056 3914 1
2082 3838 2184 3918 V.

1504 4004 1685 4112 Ad
1722 3978 2212 4128 [morem.

520 4216 673 4286 Aut
697 4196 1016 4310 prodeffi·
1056 4197 1330 4280 volunt
1373 4220 1526 4279 aut·
1557 4201 1910 4281 detestare
1961 4212 2205 4282 Po’e‘tae.

726 4318 1223 4399 Alterutrum
1281 4315 1458 4397 satis
1510 4317 1619 4402 cst
1658 4316 2096 4399 obtinuisse
2128 4317 2382 4399 mihi:

519 4437 605 4516 Si
647 4460 807 4542 qua
846 4463 1125 4543 parum
1162 4431 1538 4539 prosunt,
1603 4434 1814 4517 forte
1867 4432 2392 4518 oblectaberis
2433 4435 2632 4519 illis:

723 4551 1142 4666 Qodque
1172 4552 1452 4646 ,minus
1493 4551 1730 4638 dulce
1768 4551 1927 4649 lest,
1989 4549 2186 4636 utile
2232 4550 2696 4639 forsanerit.

2713 4667 3313 4759 CCXXXV.
