4188 5670
912 287 1161 352 xv111
2052 249 2857 360 PRAEr-ATIO.

916 418 1241 527 ignoret
1278 469 1307 509 ,
1368 410 1859 525 discipulum
1892 417 2186 524 prioris
2242 413 2394 497 effe
2444 417 2977 525 posteriorem
3018 416 3240 499 diem
3284 474 3308 510 ,
3376 416 3851 521 neminique

915 532 1270 635 veritatis
1325 528 1679 613 studioso
1738 533 2160 643 contingat
2212 530 2367 614 effe
2428 553 2593 613 tam
2655 534 2927 628 felici,
2996 524 3501 616 ut'eundem
3556 532 3855 639 semper

917 646 1018 730 ab
1064 648 1302 727 initio
1351 645 1804 730 studiorum
1863 647 1966 730 ad
1991 646 2265 755 ‘finem
2322 648 2580 757 usque
2633 653 3125 761 opinionum
3184 654 3570 732 omnium
3615 646 3858 728 servet

921 787 1319 848 tenorem.
1443 765 1669 875 Qid
1708 763 1905 877 ergo
1932 821 1959 858 ,
1995 762 2264 858 dices,
2308 791 2530 846 nunc
2566 764 2901 849 demum
2948 769 3033 848 in
3071 767 3504 876 publicum
3555 787 3857 876 protru-

923 879 1227 962 duntur
1260 935 1285 973 ,
1351 906 1531 988 quae
1560 884 1973 989 antiquata
2001 880 2262 965 videri
2292 879 2660 990 possunt,
2726 911 3070 993 quaeque
3110 886 3314 964 olim
3346 885 3649 985 majori
3685 906 3856 960 cum

925 998 1177 1108 gratia
1221 997 1429 1078 Orbi
1460 997 1817 1107 exposita
1859 997 2235 1082 fuissent?
2283 1001 2506 1107 ‘quin
2562 1002 2832 1108 potius
2869 1005 3030 1107 jam
3075 1000 3473 1083 declaret.
3540 995 3745 1106 quid
3784 996 3861 1073 iu

924 1111 1340 1224 praesentia
1393 1112 1678 1197 sentiat
1731 1115 2042 1196 Auctor
2078 1173 2106 1210 ,
2168 1142 2339 1197 non
2398 1116 2604 1225 quid
2660 1117 2868 1198 olim
2925 1114 3269 1200 senserit.
3395 1122 3758 1204 Verum,
3811 1110 3861 1190 ὀ

928 1233 1201 1322 bone,
1256 1228 1506 1314 nescis
1555 1229 1785 1341 quod
1844 1231 2089 1312 suerit
2139 1231 2394 1313 fatum
2460 1234 2760 1315 horum
2815 1231 3319 1342 scriptorum.
3424 1238 3629 1314 Non
3673 1227 3866 1315 olim

928 1350 1102 1431 haec
1142 1345 1545 1455 scripserat
1570 1348 1881 1435 Auctor
1910 1404 1936 1440 ,
1981 1370 2073 1427 ut
2108 1340 2191 1429 i'n
2229 1349 2671 1430 Theatrum
2718 1350 2958 1431 Orbis
2993 1346 3291 1434 eruditi
3324 1346 3869 1458 producerem

934 1490 1063 1548 tur
1100 1521 1124 1557 ,
1191 1465 1556 1574 quamvis
1586 1464 1770 1545 luce
1821 1462 2146 1572 publica
2185 1462 2487 1547 fuerint
2541 1464 2994 1576 digniffima
3031 1523 3054 1559 ,
3119 1464 3431 1547 nedum
3488 1488 3581 1547 ut
3634 1459 3867 1543 hodie

935 1582 1273 1664 demum
1316 1578 1742 1685 prodirent
1777 1614 1800 1657 .-
1865 1579 2276 1687 discipulis
2316 1584 2482 1663 haec
2521 1603 2659 1662 aut
2703 1586 3015 1664 Amicis
3057 1640 3080 1675 ,
3118 1582 3328 1664 forte
3367 1584 3547 1664 haec
3588 1602 3873 1690 rogan·

938 1697 1203 1791 tibus,
1265 1696 1748 1790 elaboravit,
1810 1703 1892 1779 &
1925 1696 2318 1778 nonnulla
2358 1725 2512 1810 pro
2554 1725 2788 1780 more
2841 1702 2925 1780 in
2977 1698 3446 1782 Academiis
3500 1715 3869 1803 recepto,

939 1814 1083 1898 sub
1122 1813 1386 1896 forma
1424 1812 2103 1924 Disputationum
2158 1815 2366 1921 typis
2427 1812 2720 1895 excudi
2776 1820 3104 1897 curavit.
3227 1821 3546 1900 Interea
3593 1812 3874 1893 Cathe-

940 1933 1102 2016 drae
1140 1928 1663 2039 Theologicae
1695 1929 2149 2039 praefestus,
2210 1932 2575 2012 animum
2612 1930 2711 2011 ab
2746 1932 2868 2011 his
2895 1931 3537 2042 cogitationibus
3574 1947 3873 2010 tantum

942 2076 1113 2134 non
1160 2045 1475 2155 prorsus
1526 2047 1861 2141 avertit,
1926 2051 2017 2133 ὅ(
2056 2045 2160 2128 ad
2193 2046 2658 2135 sublimiora
2709 2049 3099 2133 transtulit
3153 2047 3463 2144 studia,
3521 2050 3757 2130 unice
3799 2042 3874 2118 in

943 2169 1107 2248 hoc
1166 2167 1516 2244 intentus
1560 2220 1587 2257 ,
1669 2186 1758 2245 ut
1813 2164 2373 2275 cognitionem
2452 2164 2659 2249 illius
2713 2167 3067 2247 veritatis
3102 2222 3128 2259 ,
3194 2191 3374 2273 quae
3452 2165 3567 2247 est
3616 2162 3876 2242 secun·

947 2281 1149 2363 dum
1198 2281 1578 2364 Pietatem
1607 2331 1633 2361 ‚
1690 2278 2229 2361 Auditoribus
2265 2278 2420 2360 suis
2452 2337 2476 2373 ,
2546 2276 2845 2389 quant&
2879 2280 3134 2389 poss‘et
3171 2283 3569 2374 efficacia,
3636 2269 3878 2358 incul-

951 2417 1167 2479 caret
1219 2399 1298 2478 &
1342 2418 1888 2505 promoveret.
1955 2396 2186 2505 Qin
2238 2417 2398 2477 tam
2446 2424 2731 2504 parurn
2801 2398 2972 2479 haec
3044 2399 3397 2492 curavit,
3469 2417 3560 2479 ut
3601 2388 3879 2475 identio

948 2514 1143 2603 dem
1192 2508 1744 2625 flagitantibus
1781 2511 2247 2594 Editionem
2287 2515 2503 2597 Viris
2563 2515 2843 2597 amieis
2893 2519 2974 2595 &
3041 2513 3297 2596 ἀοᾶἰε
3338 2569 3365 2606 ,
3468 2528 3880 2618 nunquam

953 2658 1126 2712 non
1162 2633 1677 2737 pertinaciter
1716 2627 1893 2711 satis
1933 2627 2412 2740 denegaret,
2475 2629 2874 2739 hujusque
2927 2628 3081 2709 suae
3135 2625 3668 2712 recusationis
3716 2647 3880 2705 mo·-

958 2745 1069 2825 do
1119 2747 1368 2840 hanc,
1430 2744 1694 2829 modo
1731 2744 1995 2832 illam,
2060 2745 2371 2829 diceret
2436 2745 2795 2833 caussam.
2920 2752 3118 2832 Utut
3165 2744 3359 2831 vero
3394 2746 3625 2856 asper
3664 2734 3886 2822 &sae-

956 2884 1104 2940 vus
1165 2861 1251 2939 in
1302 2866 1729 2969 proprium
1785 2865 2072 2944 foetum
2117 2862 2360 2942 fuerit
2410 2867 2695 2942 Parens
2768 2866 2933 2964 ejus
2974 2919 3001 2956 ,
3075 2883 3236 2943 tam
3300 2855 3554 2945 durus
3613 2863 3695 2942 in
3759 2852 3884 2941 se,

961 3001 1212 3084 quam
1266 2977 1376 3056 est
1433 2976 1833 3084 benignus
1891 2979 1979 3059 in
2016 2977 2216 3056 alios
2255 3030 2282 3070 ,
2343 3001 2516 3058 non
2571 2976 3195 3060 existimavimus
3234 3028 3257 3061 .
3317 3003 3474 3058 nos
3532 2976 3634 3063 ad
3679 2971 3887 3055 idem

964 3089 1456 3174 crudelitatis
1504 3116 1761 3204 genus
1794 3091 2188 3203 obligari:
2250 3089 2537 3174 verum
2579 3091 2806 3173 illum
2834 3149 2856 3187 ,
2896 3118 3149 3202 quem
3180 3097 3339 3200 jam
3381 3095 3490 3177 ad
3542 3089 3890 3177 tenebras

962 3209 1523 3303 damnaverat,
1585 3204 1871 3292 tollere
1909 3219 2242 3318 partum‘
2267 3264 2294 3303 ,
2358 3212 2439 3290 &
2479 3208 2565 3289 in
2603 3210 2873 3292 lucem
2914 3208 3367 3320 producere
3421 3213 3665 3295 omni
3696 3227 3889 3314 ope,

964 3328 1568 3409 conferentibus
1618 3324 2148 3438 undiquaque
2184 3328 2549 3419 Amicis,
2613 3327 2921 3410 connisi
2978 3329 3270 3409 sumus.
3371 3327 3562 3439 Q&
3619 3330 3702 3407 in
3755 3345 3887 3407 rc,

966 3443 1024 3524 s1
1055 3472 1224 3525 non
1263 3446 1597 3528 Auctori
1632 3500 1659 3537 ,
1721 3444 1914 3526 Tibi
1951 3467 2213 3537 certe,
2275 3444 2612 3526 Lestor,
2649 3469 2842 3550 ‚rem
2879 3468 3027 3524 nos
3065 3464 3524 3556 pergratam
3561 3437 3893 3526 fasturos

965 3557 1323 3641 arbitrati
1360 3559 1629 3643 sum'us
1662 3613 1688 3651 ,
1751 3558 2126 3664 nihilque
2179 3560 2436 3667 magis
2487 3582 2862 3638 veremur
2900 3613 2927 3652 ,
2996 3585 3244 3667 quam
3313 3588 3418 3640 ne
3491 3562 3580 3644 id
3640 3554 3892 3666 ipsum

966 3674 1414 3761 succenseas
1449 3731 1475 3770 ,
1538 3670 1769 3783 quod
1806 3698 1978 3753 non
2014 3672 2233 3780 prius
2269 3672 2408 3756 has
2460 3673 2991 3785 cogitationes
3040 3675 3644 3787 susceperimus.
3759 3667 3894 3750 vi·

969 3791 1109 3874 des
1150 3795 1366 3873 enim
1427 3788 1562 3870 hic
1617 3785 2201 3897 Philosophum
2232 3842 2259 3881 ,
2309 3816 2481 3873 non
2519 3787 2727 3871 elato
2781 3788 3211 3897 supercilio
3279 3793 3695 3875 tumidum
3736 3842 3760 3879 ,
3821 3785 3904 3862 ὅ(

969 3933 1121 4018 pro
1149 3907 1498 4018 imperio
1530 3901 1664 3989 sua
1701 3902 2278 3994 obtrudentem
2315 3901 2698 4018 dogmata
2741 3938 2761 3989 ι
2822 3905 2960 3989 sed
2998 3908 3458 3992 modestum
3497 3916 3582 3992 ὅ(
3612 3898 3898 3988 mode-

969 4047 1233 4108 ratum
1262 4078 1286 4109 2
1348 4025 1492 4132 qui
1541 4025 1652 4105 ita
1688 4025 2038 4105 tenuiter
2081 4020 2186 4105 de
2220 4020 2296 4105 se
2345 4020 2583 4108 sentit
2618 4081 2642 4117 ,
2705 4043 2796 4105 ut
2822 4081 2849 4120 ,
2912 4050 3099 4106 cum
3135 4047 3404 4136 aperta
3440 4027 3728 4110 veritas
3762 4009 3896 4126 ipsu

971 4145 1148 4250 jure
1188 4140 1573 4224 fiduciam
1616 4143 2083 4253 ingenerare
2118 4138 2379 4248 posset
2404 4195 2432 4235 ,
2498 4138 2686 4223 ideo
2736 4162 3049 4225 tantum
3092 4141 3438 4224 haefitare
3489 4139 3896 4225 videatur.

978 4259 1176 4368 quia
1220 4256 1428 4367 ipse,
1486 4284 1657 4339 non
1702 4257 1902 4340 alius
1937 4313 1965 4351 ,
2033 4259 2459 4339 veritatem
2510 4259 2846 4342 invenit,
2963 4256 3218 4342 Vides
3272 4255 3900 4363 Philosophum»
3961 4343 3970 4350 ,

979 4403 1154 4488 non
1185 4397 1350 4461 atra
1383 4373 1599 4462 nube
1638 4400 1760 4462 res
1802 4373 1972 4462 suas
2007 4373 2567 4470 involventem
2596 4430 2623 4469 ,
2686 4380 2768 4460 &
2808 4373 3034 4459 claris
3071 4374 3435 4459 tenebras
3471 4365 3900 4458 offunden-

2040 4536 2049 4545 .
3688 4505 3848 4562 tetn
3877 4526 3897 4561 s
