4188 5670
988 424 1147 509 576
1194 448 1219 469 ²

2023 410 2836 497 Fascicunus

1240 580 1375 662 Ad
1427 580 1663 663 suave
1709 601 2093 661 aeternum
2131 607 2276 689 per
2313 580 2539 663 mille
2597 579 2897 662 caduca
2936 602 3368 677 vocamur3

1240 703 1338 777 Et
1373 719 1515 801 per
1549 719 1769 805 grata
1816 695 2071 775 oculis
2129 695 2365 806 plene
2416 694 2540 776 ad·
2570 693 2990 776 saturantia
3043 695 3338 801 peetus.

1240 819 1436 921 Qo
1487 810 1876 918 speeiem,
1943 814 2223 923 hortus
2264 811 2458 892 Tibi
2510 837 2687 919 quae
2745 811 2898 891 fert
2936 812 3213 890 charus
3249 806 3630 899 amoena‚'

1243 930 1509 1032 Usque
1552 931 1714 1008 Tui
1754 928 2241 1019 monstrant,
2305 927 2361 1007 fi
2404 929 2524 1010 vis
2578 926 3030 1018 attendere,
3094 925 3357 1006 flores,

1236 1047 1346 1122 Hi
1390 1041 1621 1122 sunul
1659 1047 1703 1123 ὲ
1757 1068 1957 1122 terra
1992 1044 2372 1154 surgunt,
2436 1040 2538 1121 ‘ad
2578 1042 2826 1122 sidera
2874 1040 3143 1122 vultus

2535 1146 2546 1161 t·

3701 984 3730 1065 S

1236 1159 1578 1238 Tollunt
1627 1158 2017 1239 formosos
2043 1217 2067 1251 ,
2135 1159 2456 1239 Coelum
2496 1160 2616 1237 his
2642 1216 2663 1250 ‚
2731 1157 3055 1237 Coelum
3095 1154 3344 1262 usque
3387 1118 3756 1235 tuenturss'
3796 1192 3803 1199 ·

1234 1278 1422 1353 Huc
1461 1299 1794 1382 quoque
1840 1276 1961 1355 Te
1997 1273 2340 1381 spestare
2395 1295 2788 1365 monent,
2857 1274 3019 1352 huc
3068 1271 3349 1351 tollere
3387 1290 3749 1352 mentem

1234 1389 1682 1470 Hortamur
1711 1444 1734 1471 ‚
1798 1388 2149 1495 speciosa
2182 1389 2370 1470 Tibi
2425 1414 2930 1496 quaeeunque
2970 1387 3347 1491 videntur
3381 1394 3436 1483 ‘5

1235 1505 1558 1586 Florum
1622 1515 1753 1586 toi
1799 1506 2086 1599 facies»,
2153 1526 2277 1584 tot
2322 1504 2664 1598 odoreS,
2736 1527 3020 1611 totque
3063 1503 3420 1594 eoloreS,

1233 1625 1440 1701 Tam
1475 1624 1897 1728 variique,
1958 1629 2230 1713 Deus,
2287 1620 2580 1727 quibus
2619 1622 2769 1700 hos
2812 1618 3222 1701 decoravit
3269 1675 3296 1710 ‚
3356 1617 3704 1713 amians.

1231 1740 1428 1816 Haee
1464 1737 1746 1818 oeulos
1812 1743 1930 1818 Te
1968 1739 2249 1820 cundia
2284 1737 2565 1837 jubent
2595 1794 2621 1830 ‚
2707 1739 3238 1842 animumque
3283 1734 3546 1815 levare

1234 1853 1729 1936 Immensum
1770 1852 1872 1935 ad
1916 1854 2402 1946 Pulchrum,
2468 1851 2695 1960 quod
2746 1851 3062 1959 pulchri
3097 1853 3207 1959 est
3246 1850 3509 1935 omnis
3559 1850 3808 1959 origo·

1188 1958 1203 1999 ·'
1232 1969 1620 2049 Praedieat
1659 1971 1819 2050 hoe
1867 1972 2155 2053 animis
2195 1971 2516 2053 attentis
2569 1965 2940 2091 flosculus
2989 1968 3278 2048 omnis·

1228 2089 1425 2164 Non
1470 2088 1696 2165 verni
1737 2088 1869 2167 hic
1912 2086 2137 2167 aliud
2174 2087 2415 2170 flores
2457 2084 2778 2193 ‘serique
2815 2083 3315 2190 loquuntur;

1230 2204 1332 2280 Et
1368 2228 1627 2282 novus
1676 2225 1765 2281 ut
1827 2202 2107 2307 prodit
2145 2201 2295 2285 flos
2328 2256 2351 2293 ,
2421 2202 2631 2283 illius
2675 2201 2846 2279 haec
2900 2225 3232 2307 quoque
3270 2225 3436 2282 vox
3471 2195 3596 2279 est.

1104 2302 1111 2310 ⁰
1230 2322 1392 2396 Has
1434 2321 1565 2396 Tu
1603 2316 1660 2397 si
1697 2318 1980 2422 procul
2034 2317 2079 2398 ὲ
2129 2319 2326 2399 turri
2359 2372 2414 2407 ‚.
2450 2316 2934 2422 tranquillus
2979 2318 3062 2396 in
3101 2318 3343 2395 horto

1226 2430 1560 2512 Florum
1624 2460 1797 2513 non
1849 2433 2082 2514 cessas
2121 2458 2360 2515 voees
2410 2430 2692 2518 audire
2730 2432 3155 2525 Tuorum,

1227 2550 1329 2627 Et
1367 2551 1725 2629 monitus
1778 2548 2128 2657 sequeris
2170 2548 2435 2632 suaves
2488 2546 2719 2628 simul
2758 2571 3001 2653 atque
3053 2545 3395 2631 fflubres
3432 2578 3461 2632 ‚-
3553 2628 3563 2636 ,

1232 2665 1309 2742 O
1373 2663 1564 2745 Tibi
1613 2690 1859 2773 quam
1914 2661 2202 2746 blanda
2239 2673 2320 2749 ὅ(
2358 2662 2609 2749 dulcis
2664 2667 2810 2762 via·
2831 2660 3147 2744 reddita
3189 2662 3373 2745 coeli
3414 2660 3563 2753 est!

1190 2785 1422 2862 “Non
1464 2806 1608 2889 per
1642 2780 2010 2864 difficiles
2065 2782 2300 2863 ealles
2341 2805 2586 2892 atque
2625 2779 2889 2888 aspera
2925 2776 3146 2871 saxa,

1134 2957 1143 2966 .
1227 2896 1583 2979 Horrida
1637 2896 2033 3003 sylvarum
2074 2925 2226 2982 nee
2262 2928 2406 3007 per
2468 2901 2795 2982 dumeta
2848 2896 3333 3005 vepresque,

1225 3009 1412 3107 Ast,
1477 3011 1531 3092 ὀ
1570 3014 1969 3101 Felicem!
2035 3040 2183 3119 per
2231 3015 2470 3097 flores
2528 3015 2677 3096 ibis
2715 3014 2817 3097 ad
2869 3013 3112 3095 Astra.

2304 3180 2377 3257 L
2399 3182 2429 3256 1
2451 3181 2555 3259 V.

1247 3355 1363 3420 De
1418 3353 1687 3447 Legum
1734 3289 2239 3422 habenarum
2281 3344 2792 3460 invqliditaete
2826 3342 3135 3452 sspistola
3172 3342 3281 3421 ad
3314 3340 3600 3421 Aulum.

1224 3499 1392 3602 Qi
1434 3496 1901 3605 depravatos
1940 3525 2210 3579 mores
2274 3506 2354 3582 &
2399 3525 2763 3612 tempora
2802 3504 3075 3612 luges,

1218 3617 1322 3695 Et
1377 3613 1681 3726 flagitas
1732 3615 2404 3698 meliora-crebris
2443 3616 2489 3699 ὲ
2528 3622 2883 3702 Numine
2924 3621 3186 3712 votis,

1220 3734 1346 3808 Ne
1400 3730 1600 3836 quid
1637 3729 1735 3810 ab
1775 3729 2127 3812 humanis
2169 3737 2492 3840 expesta
2529 3731 2802 3843 legibus
2835 3792 2857 3824 ‚
2918 3735 3153 3826 Aule.

1218 3849 1411 3923 Haec
1438 3846 1643 3924 mala
1691 3873 1859 3927 non
1910 3848 2216 3930 auferre
2250 3878 2606 3959 unquam
2662 3850 3112 3960 caulsasque
3148 3847 3549 3938 maiorum
3583 3901 3610 3939 ,

1216 3962 1541 4038 Pei’tora
1596 3987 1747 4039 nec
1798 3965 2366 4046 sanare‘valent
2412 4025 2433 4058 ,
2497 3970 2953 4074 animisque
3005 3968 3316 4048 mederi
3332 3994 3361 4060 3

1199 4070 1378 4153 'Sed
1430 4098 1636 4158 tunc,
1669 4101 1857 4157 cum
1892 4080 2327 4181 prohibent
2367 4137 2392 4175 ,
2455 4087 2724 4166 vetitis
2761 4111 2862 4163 ne
2906 4085 3152 4166 eorda
3189 4084 3552 4164 fruantur
3577 4134 3603 4162 0

1239 4193 1330 4268 ln
1395 4191 1737 4271 vetitum
1788 4218 2141 4301 pergunt
2177 4197 2490 4307 semper
2523 4201 2738 4280 mala·
2782 4201 3103 4308 pestora
3136 4203 3339 4282 niti,

1215 4303 1481 4412 Usque
1520 4308 1597 4386 &
1649 4308 1879 4389 chara
1918 4335 2248 4398 manent
2281 4317 2435 4396 illis
2473 4373 2497 4409 ‚
2561 4335 2737 4425 quae
2776 4316 2954 4426 lege
2999 4339 3397 4427 negantur
3421 4368 3445 4398 ‚

1215 4428 1432 4531 Saepe
1464 4421 1673 4503 adeo
1713 4422 1891 4505 sunt
1930 4428 2162 4509 chara
2199 4435 2452 4540 magis
2503 4435 2695 4538 quia
2733 4431 2911 4541 lege
2953 4456 3368 4543 negantur.

1220 4544 1331 4619 At
1366 4567 1536 4622 non
1577 4566 1819 4651 prava
1856 4566 2205 4639 nocent,
2274 4549 2544 4653 inquis
2572 4602 2599 4639 ‚
2667 4545 2866 4630 dum
2907 4550 3152 4636 corde
3191 4567 3620 4658 teguntgn

3701 4661 3842 4742 Sed
