4188 5670
1247 254 2523 373 narraturum-1019·
3214 272 3347 347 353

450 451 519 525 δι
543 427 974 543 degentiam}
1017 432 1577 535 quemadmodum
1606 399 2218 529 etiam'in-pulchris
2242 430 2535 508 aedificiis
2581 457 2717 505 non
2750 434 2975 507 emnia
3000 404 3388 529 peculiarem

434 545 648 621 -usum
678 540 928 620 habent
946 592 970 631 ‚
999 537 1309 635 quaedam
1338 554 1621 610 ornatus
1647 536 1713 608 &
1743 531 2145 627 symmetriae
2155 528 2377 607 :cauffa
2402 530 2558 606 sunt
2578 532 2816 616 addita.
3307 580 3314 588 -

633 696 804 769 Haec
849 691 1077 766 omnia
1108 688 1278 768 ideo
1315 705 1579 769 tantum
1613 688 1648 760 ὲ
1685 713 1794 761 me
1837 689 2141 763 dicuntur
2171 735 2193 775 ,
2230 699 2314 758 ne·
2372 690 2596 762 om‘nia
2632 687 2701 759 in
2748 683 2811 760 S.
2866 689 3197 779 Scriptura
3243 709 3377 763 ma·

431 796 622 867 xima
657 817 694 879 ·,
751 788 1022 863 minima
1074 840 1096 876 ‚
1146 786 1552 861 reconditam
1629 787 1913 880 aliquam
1963 784 2510 881 fignificationem
2562 782 2804 858 habere
2838 830 2882 871 ,·
2912 788 2973 857 &
3014 786 3261 857 directe
3314 790 3378 860 &

439 891 823 965 immediate
869 888 1135 960 tendere
1184 885 1533 957 videantur
1567 934 1590 970 ,
1628 886 1710 956 ad
1758 909 2186 958 communem
2236 882 2423 956 illum
2462 885 2526 958 S.
2572 884 2977 977 Scriptorum
3006 879 3235 967 finem,
3267 887 3380 977 qui

438 988 534 1061 est
577 988 703 1060 Dei
760 984 1148 1081 glorificatio
1175 1034 1199 1069 ,
1240 984 1306 1054 &
1346 982 1630 1053 hominis
1677 980 2099 1056 sanctificatio
2118 1035 2141 1068 ,
2196 999 2313 1055 aut
2358 979 2441 1053 ad
2488 982 2771 1078 aliquem
2817 1004 3049 1055 eorum
3092 978 3333 1054 usuum
3352 1031 3377 1068 ‚

439 1087 560 1183 qui
604 1089 642 1156 ἐι
679 1086 899 1187 Paulo·
927 1085 1108 1158 Rom
1160 1080 1320 1155 XV.
1361 1080 1425 1150 &
1474 1098 1520 1158 2
1547 1081 1798 1157 Timot-
1846 1082 1965 1155 111.
2014 1078 2300 1173 alibique
2352 1099 2845 1155 enumerantur.
2946 1168 2949 1171 Ι

653 1238 940 1311 Interim
986 1237 1112 1308 hoc
1168 1258 1404 1306 verum
1446 1233 1538 1305 est
1572 1234 1795 1320 ‚qnihil
1846 1234 1969 1307 dici
2021 1237 2086 1306 in
2134 1237 2197 1308 S.
2269 1236 2601 1327 Scriptura
2646 1284 2669 1321 ‚
2722 1231 2903 1328 quod
2964 1223 3102 1304 non
3156 1230 3378 1305 saltem

441 1338 728 1414 indireffe
770 1339 832 1409 &
881 1334 1142 1406 mediate
1188 1332 1271 1404 ad
1313 1355 1760 1404 communem.
1795 1335 1998 1405 totius
2037 1330 2183 1404 libri
2221 1330 2490 1426 fcopum
2516 1382 2538 1418 ,
2589 1330 2717 1403 Dei
2764 1331 3040 1425 gloriam
3078 1327 3380 1402 hominis-

443 1464 576 1533 que
638 1430 1210 1507 sanctificationem
1251 1432 1315 1501 δε
1357 1428 1629 1501 salutem
1692 1431 1917 1501 tendat
1939 1458 1962 1510 3
2032 1451 2230 1523 atque
2286 1456 2367 1502 ex
2424 1431 2551 1501 hoc
2596 1430 2761 1504 mihi
2808 1429 3066 1501 videtur
3110 1428 3383 1520 judicari

381 1601 387 1607 .
442 1531 621 1627 poffe
669 1533 749 1604 de
800 1532 904 1603 illa
952 1530 1446 1620 Theologorum
1496 1521 1976 1615 controversia5
2022 1553 2188 1598 num
2241 1527 2542 1604 videlicet
2584 1530 2937 1619 Scriptores
2972 1526 3330 1606 Θιόνῲνευςοι
3353 1574 3380 1612 ,

289 1650 295 1656 ·
389 1697 392 1699 ,
451 1630 721 1725 quando
767 1630 1129 1723 loquuntur
1179 1626 1261 1696 de
1310 1622 1506 1696 rebus
1558 1619 1841 1718 Phyficis
1860 1678 1888 1713 ‚
1938 1644 2055 1698 aut
2104 1626 2242 1697 aliis
2268 1676 2291 1712 ,
2340 1627 2408 1697 in
2461 1622 2700 1717 quibus
2745 1622 3114 1714 Philosophi
3148 1622 3185 1693 ὲ
3238 1622 3383 1695 vul-

452 1745 543 1825 'go
599 1723 897 1799 diffident
953 1774 978 1812 ,
1041 1727 1396 1817 loquantur
1445 1720 1806 1796 secundum
1867 1724 2217 1795 veritatem
2263 1724 2354 1796 rei
2411 1773 2445 1817 ,q
2492 1741 2608 1794 aut
2649 1721 3159 1817 Philosophicam
3210 1719 3380 1813 ,α’κρῖ-
3491 1806 3492 1810 ¹

451 1856 653 1911 cisat,
702 1849 786 1899 an
844 1846 1007 1899 vero
1057 1820 1415 1896 secundum
1479 1823 1664 1917 vulgi
1723 1823 2062 1917 opiniones
2114 1871 2137 1908 ,
2163 1818 2429 1914 ‘parum
2502 1820 2728 1894 soliciti
2780 1816 2987 1892 sintne
3030 1819 3387 1889 illae‘verae

448 1920 784 2000 anfalsae.
1082 1983 1099 2000 .
1582 1937 1586 1942 ’

660 2098 721 2149 1.
795 2072 1047 2168 Negari
1090 2097 1228 2149 non
1279 2077 1492 2171 potest
1524 2122 1543 2155 ,
1621 2069 1869 2168 ubique
1922 2072 2223 2145 locorum
2285 2069 2565 2163 vulgum
2608 2070 2699 2143 de
2735 2068 3394 2166 plurimis'ejusmodi

454 2168 653 2249 rebus
698 2170 990 2264 judicare
1029 2172 1380 2247 secundum
1437 2173 1885 2270 apparentiam
1925 2172 2145 2265 potius
2169 2220 2192 2257 ‚
2244 2193 2446 2262 quam
2486 2168 2840 2258 secundum
2898 2195 3119 2242 rerum
3152 2170 3385 2241 verita-

446 2288 636 2359 tem,
685 2269 992 2365 variaque
1040 2274 1207 2345 inter
1257 2271 1549 2367 plebejos
1595 2270 2205 2364 homines-'regnare
2240 2266 2622 2360 praejudicia
2647 2318 2669 2353 ‚
2726 2284 2883 2362 q'uae
2926 2287 3224 2341 accurate
3248 2268 3386 2358 phi-

453 2368 826 2464 Iosophanti'
863 2366 1012 2441 sunt
1068 2373 1475 2464 deponenda.
1568 2370 1747 2442 Inter
1789 2363 2061 2462 Judaeo's
2105 2368 2262 2439 olim
2287 2386 2293 2393 ·
2314 2367 2465 2438 talia
2502 2373 2601 2438 *eo
2655 2368 2841 2460 plura
2894 2364 3071 2439 fuiffe
3124 2363 3393 2438 credibi-

304 2535 313 2541 ,
455 2469 517 2539 le
571 2467 702 2554 est,
744 2491 880 2559 quo
919 2471 1135 2540 minus
1190 2469 1665 2563 Philosophicae
1735 2467 1993 2540 Scholae
2048 2466 2216 2537 inter
2267 2488 2377 2537 eos
2428 2463 3128 2538 communes'fuerunt
3164 2494 3184 2545 3
3233 2473 3391 2535 n'am

463 2559 582 2636 etfi
619 2565 691 2633 hi
737 2566 963 2635 ceteris
997 2566 1286 2657 -populis
1335 2563 1646 2639 omnibus
1698 2564 1768 2635 in
1797 2564 1948 2634 hoc
1997 2560 2352 2653 superiores
2403 2560 2643 2656 fuerint
2681 2613 2704 2649 ,
2744 2562 2936 2656 quod.
2974 2562 3166 2633 Deus
3206 2561 3397 2633 verba

451 2660 579 2751 sua
621 2660 847 2749 Jacob&
908 2657 997 2744 ἓξ
1007 2665 1252 2751 statuta
1275 2661 1397 2750 sua
1431 2662 1637 2751 [Ji-aeli
1659 2661 2032 2732 iudicaverit
2049 2708 2072 2745 ,
2168 2660 2232 2730 &
2278 2682 2417 2749 prae
2458 2658 2593 2731 aliis
2620 2663 2857 2756 eloquia
2873 2659 3004 2749 susi
3042 2660 3119 2730 iis
3142 2659 3403 2733 credide-

452 2764 593 2839 .rit,·
647 2756 716 2828 in
758 2754 1064 2849 sapientia
1116 2754 1386 2829 seculari
1418 2804 1446 2842 ,
1494 2754 1740 2829 artibus
1792 2759 1855 2829 &
1885 2755 2156 2827 scientiis
2221 2758 2437 2840 variis,
2476 2778 2630 2837 cum
2668 2750 2989 2853 AEgyptiis
3040 2758 3104 2829 ἃ
3152 2755 3398 2832 Graecis

461 2854 652 2928 nullo
709 2855 915 2927 modo
966 2872 1156 2926 erant
1217 2854 1663 2948 comparandi.
1767 2872 1846 2937 2„
1875 2854 2040 2926 Non
2081 2858 2305 2948 potuit
2357 2854 2585 2925 evitari
2634 2852 2857 2934 crebra
2895 2856 3131 2930 'salium
3176 2879 3399 2937 rerum

464 2953 717 3026 mentio
761 3002 786 3040 ‚
842 2951 1205 3045 praesertim
1266 2954 1335 3024 in
1383 2951 1568 3024 libris
1630 2949 2066 3044 popularibus
2101 2976 2130 3033 ,-
2191 2949 2434 3024 necefl'e
2502 2952 2702 3044 igitur
2748 2950 2873 3029 fuit
2932 2973 3007 3026 ut
3047 2955 3401 3048 Scriptores

468 3043 836 3126 θιὸωωςοι
889 3050 972 3121 de
1014 3052 1090 3122 iis
1128 3052 1552 3143 loquerentur
1595 3097 1620 3134 ‚
1675 3069 1791 3122 aut
1848 3047 2209 3122 secundum
2268 3051 2362 3120 rei
2408 3051 2754 3126 veritatem
2802 3102 2827 3140 ‚
2879 3066 2997 3128 aut
3042 3051 3401 3127 secundum

472 3169 896 3220 communem
926 3149 1270 3221 hominum
1303 3150 1701 3242 opinionem.
1955 3197 1959 3201 -
2090 3200 2093 3206 .
2240 3192 2246 3197 -
3140 3186 3145 3190 ·

648 3289 813 3461 {am
861 3293 1222 3384 quaeritur,
1274 3313 1504 3364 utrum
1552 3293 1793 3365 horum
1848 3287 2054 3387 magis
2104 3289 2299 3363 faciat
2340 3287 2428 3361 ad
2473 3286 2743 3384 scopum
2815 3318 2855 3365 c*

477 3383 640 3457 ritus
719 3435 748 3488 ··
775 3390 841 3479 &
894 3385 1034 3483 e'jus
1081 3415 1488 3484 organorum
1511 3440 1539 3477 ‚
1593 3393 1706 3484 qui
1766 3388 1854 3462 est
1882 3389 2243 3462 hominurn
2300 3386 2723 3461 sanctificatio
2774 3391 2837 3460 &

475 3481 586 3556 Ad
627 3485 754 3556 hoc
785 3505 955 3559 certe
1003 3514 1142 3562 non
1178 3485 1608 3563 neoeffiuium
1663 3487 1754 3560 est
1778 3538 1801 3575 ‚
1850 3486 1987 3558 imo
2036 3509 2156 3557 nec
2198 3486 2551 3578 quicquam
2592 3483 2842 3576 confert

407 3602 410 3605 ·
477 3582 590 3651 nia
629 3581 1005 3676 praejudicia
1059 3587 1434 3660 adimantur
1456 3636 1479 3672 ,
1520 3609 1938 3682 quaecunque
1971 3581 2171 3654 habet
2216 3582 2379 3653 circa
2422 3580 2542 3653 'res
2581 3580 2855 3676 Phyfica:

480 3700 633 3763 ωε,
690 3682 755 3752 &
797 3681 1268 3776 Philosophicas
1315 3713 1338 3765 3
1407 3687 1646 3760 nullius
1707 3681 1884 3756 enim
1935 3680 2120 3752 saluti
2170 3680 2235 3750 ἃ,
2297 3676 2787 3755 sanctificationi
2846 3685 2855 3755 l

482 3773 765 3873 obstant.
866 3778 942 3851 Id
988 3829 1013 3866 ,
1067 3779 1117 3852 fi
1169 3780 1449 3854 feciffent
1469 3833 1494 3872 ,
1545 3781 1899 3877 Scriptores
1944 3780 2005 3852 S.
2057 3781 2124 3852 ἃ
2177 3773 2385 3871 ipsum
2429 3779 2744 3868 Spiritum
2802 3782 2855 3856 S.

483 3883 576 3966 po
615 3877 950 3970 praecipuo
1001 3875 1361 3972 abduxiss'et
1377 3934 1401 3969 ,
1467 3903 1669 3974 quam
1717 3876 1959 3973 aliquid
2015 3878 2099 3952 ad
2139 3900 2303 3949 eum
2348 3877 2725 3952 contuliffet.

680 4045 757 4098 ⁴1.
800 4024 997 4099 Enim
1043 4052 1182 4099 non
1224 4028 1384 4100 levis
1423 4014 1821 4100 difficultatis
1867 4026 1957 4099 est
1989 4046 2040 4116 ‚·
2075 4024 2251 4123 plebi
2320 4016 2430 4109 sua
2487 4010 2869 4124 praejudicia
2928 4031 3270 4123 adimeres
3336 4033 3410 4104 ’δι

357 4169 361 4172 -
463 4143 733 4215 ⁴magna
768 4151 911 4219 pars
964 4127 1317 4219 Scripturae
1375 4126 1526 4196 huic
1579 4125 1674 4196 rei
1709 4122 1916 4198 fuiffet
1958 4127 2393 4219 impendenda
2417 4174 2441 4213 ‚
2482 4126 2621 4200 'non
2670 4148 2933 4204 tantum
2972 4128 3107 4203 fine
3147 4125 3282 4203 ulia
3338 4154 3415 4199 u·

493 4221 727 4293 tilitate
759 4273 782 4308 ,
832 4222 939 4294 sed
993 4248 1131 4296 non
1173 4220 1311 4296 sme
1357 4223 1838 4318 levi‘periculo.
1973 4224 2075 4297 1oe
2112 4225 2289 4296 enim
2331 4223 2581 4297 occafio
2627 4224 3010 4301 hominibus
3047 4221 3255 4300 suiffet
3295 4223 3417 4296 ob-

495 4315 678 4403 lata,
719 4321 1014 4412 neglecto
1065 4347 1146 4394 eo
1195 4321 1374 4416 quod
1429 4322 1521 4395 est
1577 4325 1988 4419 praecipuum
2012 4372 2035 4409 ‚
2087 4323 2423 4414 ingenium
2482 4326 2547 4396 δι
2610 4348 2882 4415 operam
2939 4320 3416 4407 consumendi,

497 4413 570 4487 in
608 4415 1073 4510 quaestionibus
1133 4419 1583 4514 philosophicis
1653 4424 1718 4494 &
1773 4415 2051 4516 physicis
2087 4427 2117 4508 ‚‘
2179 4412 2443 4492 curiosis
2488 4421 2695 4514 magis
2740 4470 2767 4508 ‚
2839 4442 3040 4515 quam
3092 4409 3364 4488 utilibus
3355 4464 3421 4581 3}
