4188 5670
1032 379 1834 490 Enunlro²nl
1942 407 2219 485 (3er
2337 410 2437 487 X
2850 359 2854 365 ·
3092 417 3237 512 ‘1'13⁴

525 593 654 668 His
727 586 1048 667 omnibus
1107 588 1319 689 probe
1372 589 1648 667 excussis
1693 619 1721 678 ‚-
1783 609 1934 666 tum
1986 591 2263 665 *demum
2314 590 2397 664 ad
2454 589 2867 668 scribendum
2940 599 3170 672 accede
3216 617 3236 669 t

348 711 498 766 tum
559 691 832 766 demum
876 691 1092 767 verbis
1136 716 1393 788 expone
1417 743 1441 780 ,
1489 692 1670 788 quod
1714 707 1934 765 mente
1972 692 2185 764 adhuc
2241 687 2509 786 pressisti
2536 744 2561 781 ,
2614 690 2722 764 sed
2789 696 2880 765 ita
2932 719 3191 788 expone
3214 739 3241 782 ‚

353 790 573 863 saltem
634 792 704 861 in
773 792 900 863 hoc
949 815 1178 863 omnes
1211 792 1472 863 intende
1511 815 1790 878 nervos,
1840 811 1918 862 ιιι
1955 815 2092 862 non
2143 787 2344 885 poffit
2386 816 2524 862 non
2576 786 2661 861 ab
2730 790 3038 863 omnibus
3110 821 3243 866 me*

350 889 653 961 dioc'riter
709 890 967 961 attentis
1032 888 1298 982 intelligi
1358 893 1434 961 ·&
1487 888 1644 989 quid
1702 887 1928 960 sentias
1965 938 1990 975 ,
2056 891 2121 960 ἃ
2175 889 2462 988 quomodo
2505 891 2567 960 &
2611 913 2800 986 quare
2840 892 2931 961 ita
2987 889 3236 963 sentias.

350 986 443 1057 Sit
485 987 556 1057 in
608 984 956 1073 omnibus,
1002 1009 1156 1080 quae
1202 985 1417 1058 scribis
1444 1037 1467 1073 ‚
1532 988 1846 1079 genuinus
1900 987 2166 1079 quidam
2221 983 2605 1082 ingenuitate&
2651 989 2716 1055 ἃ
2779 985 3047 1059 candoris
3083 1017 3091 1022 ·
3135 1015 3244 1062 co·-

345 1082 461 1155 lor.
583 1083 870 1156 Accedat
919 1084 1307 1176 perspicuitas
1348 1135 1370 1168 ‚
1435 1102 1680 1176 quanta
1733 1083 1942 1176 potest
1970 1134 1995 1171 ,
2051 1086 2359 1156 maxima.
2484 1085 2720 1156 Deduc
2784 1086 3093 1158 lectorem
3138 1112 3244 1159 ea-

297 1182 490 1253 .·dem
542 1182 659 1255 via
701 1183 775 1251 in
823 1183 1267 1275 cognitionem
1306 1178 1641 1253 sententiae
1687 1200 1827 1253 tuae
1848 1229 1872 1266 ‚
1925 1206 2054 1273 qua
2115 1201 2193 1253 tu
2236 1183 2303 1252 in
2353 1208 2499 1255 eam
2541 1176 2930 1276 pervenisti:
2968 1181 3071 1255 fac
3092 1235 3119 1270 ,
3168 1203 3243 1257 ut

187 1273 198 1282 ’
340 1279 555 1351 videat
591 1329 617 1366 ,
661 1303 792 1370 qua
831 1282 1308 1372 cogitationum
1359 1275 1513 1349 serie
1570 1280 1701 1349 huc
1739 1278 2004 1351 tandem
2047 1279 2299 1351 veneris
2340 1283 2358 1350 ἑ
2411 1305 2635 1374 quaere
2690 1276 2901 1353 verba·
2958 1284 3245 1356 maxime

342 1373 767 1471 fignifioentia
798 1426 823 1463 ,
872 1401 1025 1470 quae
1079 1377 1367 1468 cogitata
1397 1395 1512 1448 tua
1557 1379 1766 1449 menti
1814 1376 2068 1448 lectoris
2124 1372 2306 1470 quasi
2359 1379 2738 1472 imprimant
2783 1406 2801 1448 ε
2866 1376 3127 1451 Labora
3165 1399 3246 1455 tu

338 1475 406 1545 in
444 1472 668 1548 verbis
722 1478 787 1550 &
843 1498 1075 1554 eorum
1131 1473 1358 1545 ordine
1381 1524 1404 1560 ‚
1455 1490 1532 1544 ut
1570 1492 1759 1545 tanto
1811 1477 2032 1546 minus
2073 1475 2142 1544 in
2202 1475 2515 1548 sententia
2564 1477 2951 1549 invenienda
2990 1481 3246 1551 animus

338 1571 597 1646 lectoris
643 1570 912 1645 laboret.
993 1570 1308 1644 Persuade
1343 1568 1517 1657 tibi,
1563 1570 1738 1665 poffe
1788 1573 2069 1665 aliquem
2120 1574 2311 1642 nimis
2351 1597 2576 1646 ornate
2601 1624 2624 1660 ,
2698 1576 2891 1646 nimis
2958 1594 3146 1648 acute
3215 1625 3240 1663 ‚

337 1670 529 1752 nimis
562 1668 917 1743 sublimiter
942 1717 968 1758 ,
997 1671 1186 1741 nimis
1221 1667 1480 1762 copiose
1500 1665 1750 1754 fuimis
1788 1666 1985 1762 preffe
2013 1718 2038 1756 ‚
2058 1670 2247 1740 nimis
2284 1672 2549 1744 venuste
2591 1673 2815 1764 loqui:
2875 1675 3069 1745 >nimis
3099 1697 3244 1770 per-

336 1766 550 1862 spicue
587 1770 933 1846 docentem
978 1768 1163 1861 loqui
1214 1791 1354 1838 non
1399 1763 1592 1860 poffe.
1737 1768 1976 1862 Cogita
2008 1816 2035 1853 ‚
2107 1787 2170 1837 te
2219 1765 2497 1841 scribere
2538 1795 2676 1845 non
2720 1771 2931 1842 doctis
2974 1773 3185 1845 modo
3212 1821 3240 1861 ,

316 1864 441 1958 'sed
476 1864 749 1939 rudibus
771 1895 797 1948 ‚-
839 1890 980 1938 non
1015 1860 1360 1959 ingeniolis
1405 1865 1675 1951 modo,
1713 1863 1820 1939 sed
1863 1863 2128 1959 stupidis
2159 1893 2187 1946 ‚-
2244 1890 2383 1938 non
2437 1870 2565 1940 hoc
2610 1888 2868 1941 tantum
2928 1917 2953 1954 ,
3024 1865 3132 1943 sed
3177 1892 3243 1943 a„

333 1963 474 2036 liud
531 1961 872 2056 agentibus
895 1990 920 2041 ς
983 1986 1122 2033 non
1184 1962 1402 2034 vacuis
1449 1983 1713 2054 tantum
1741 2013 1766 2050 ,
1822 1964 1930 2036 sed
1979 1964 2306 2055 occupatis
2333 1992 2361 2046 ‚-
2440 1989 2585 2040 non
2634 1970 2895 2038 attentis
2948 1970 3155 2042 ‘modo
3210 2021 3236 2058 ,

328 2060 450 2155 ‘sed
481 2061 780 2134 volaticis
835 2060 1104 2152 ingeniis
1134 2089 1161 2142 ,-
1217 2084 1349 2130 non
1423 2062 1640 2133 amicis
1683 2064 1894 2136 modo
1943 2112 1966 2148 ,
2042 2060 2151 2132 sed
2195 2063 2451 2134 aemulis
2474 2094 2502 2149 ,-
2556 2091 2692 2138 non
2735 2062 2926 2137 bonis
2978 2084 3240 2140 tantum

333 2156 804 2252 interpretibus
825 2203 848 2241 ,
875 2155 982 2228 sed
1022 2154 1347 2240 malitiofis
1392 2159 1593 2230 etiam
1626 2155 2204 2233 calumniatoribus
2253 2181 2273 2226 t
2320 2163 2534 2255 plures
2576 2162 2820 2236 librum
2882 2159 3077 2236 tuum
3109 2169 3237 2238 lec-

331 2274 523 2329 turos
553 2308 579 2343 ‚
618 2277 718 2328 'ut
762 2280 1005 2328 errores
1050 2255 1308 2349 aliaque
1341 2281 1492 2349 quae
1539 2255 1913 2353 displiceant
1953 2260 2028 2354 in
2059 2283 2140 2331 eo
2180 2258 2516 2336 inveniant
2546 2313 2571 2352 ‚
2637 2285 2843 2357 quam
2901 2263 3239 2340 inveniant

319 2357 397 2429 -in
440 2356 557 2429 ino
601 2357 997 2456 veritatem,
1047 2355 1112 2426 ἃ
1146 2378 1300 2448 quae
1341 2352 1604 2430 discant.

501 2545 670 2632 'Hoc
706 2555 995 2631 maxime
1048 2552 1140 2629 ob
1150 2543 1542 2639 servandum
1581 2543 1704 2633 tibi
1746 2555 2074 2646 eltsscum
2117 2547 2363 2660 aliquid
2389 2553 2536 2632 nov‘i
2574 2549 2804 2652 profers
2841 2584 2860 2628 ε
2927 2551 3036 2629 ‘hic
3058 2558 3237 2630 enim

322 2655 442 2730 ·ni'fi
497 2656 826 2730 summam
868 2655 1115 2729 adferas
1166 2657 1552 2731 modestiam
1580 2709 1603 2745 ‚
1648 2661 1754 2732 alii
1784 2710 1810 2745 ‚
1871 2658 2109 2752 quibus
2156 2659 2525 2729 inauditum
2600 2657 2730 2726 hoc
2786 2656 3044 2727 videtur
3081 2706 3105 2744 ‚
3168 2675 3236 2726 te

318 2751 449 2826 'fibi
491 2756 792 2828 insultare
845 2751 1398 2833 arbitrabuntur3
1447 2754 1567 2826 nifi
1594 2753 1940 2828 summam
1979 2755 2500 2849 perspicuitatem
2532 2802 2559 2839 ‚
2618 2751 2818 2823 nullae
2866 2771 3006 2826 tam
3055 2774 3233 2826 atro-

321 2872 433 2924 ‘ces
471 2850 889 2949 blasphemiae
916 2901 939 2937 ‚
997 2852 1202 2924 nullae
1250 2872 1408 2924 tam-
1426 2851 1802 2946 periculosae
1835 2850 2107 2927 haerese‘s
2144 2869 2343 2924 ‘erunt
2363 2897 2389 2933 ‚
2436 2876 2591 2945 quae
2624 2852 2695 2922 in
2732 2850 2901 2926 libro
2943 2873 3062 2925 tuo
3093 2876 3234 2927 non

332 2951 758 3028 invenientur.
865 2953 1050 3026 Tum
1083 2948 1237 3021 iane
1280 2950 1351 3021 in
1393 2947 1710 3029 sententia
1753 2952 2133 3044 explicanda
2183 2949 2443 3044 prorsus
2474 2947 2777 3036 morofiis
2811 2947 3008 3024 debes
3047 2949 3167 3023 effe
3200 2998 3227 3038 -,

318 3047 525 3143 usque
567 3076 651 3123 eo
688 3101 712 3138 ,
800 3064 876 3121 u't
925 3045 1050 3122 tibi
1095 3073 1235 3120 non
1294 3046 1634 3121 satisfacias
1662 3100 1687 3137 ,
1754 3046 1875 3122 nisi
1946 3051 2035 3123 ita
2073 3074 2219 3123 eam
2286 3043 2653 3143 expresseris
2682 3093 2707 3138 ,
2758 3068 2836 3121 ut
2884 3075 2967 3123 ex
3011 3048 3232 3123 verbis

269 3144 284 3157 ’
317 3148 463 3217 tuis
485 3154 701 3220 'nemo
743 3144 912 3220 sanae
951 3149 1190 3219 mentis
1233 3145 1418 3219 aliud
1445 3198 1470 3235 ,
1531 3173 1730 3242 quam
1779 3168 1860 3221 tu
1913 3151 2125 3223 dicere
2160 3145 2433 3221 (solebas
2464 3196 2489 3235 ‚
2552 3145 2687 3220 fine
2722 3145 2976 3219 summa
3010 3149 3230 3235 'impu-

317 3243 550 3319 *dentia
600 3245 958 3337 exsculpere
993 3241 1223 3339 poffit.
1337 3246 1676 3337 ·Perpende
1725 3249 1953 3319 omnia
2005 3267 2123 3318 tua
2156 3242 2361 3329 verba
2393 3295 2420 3332 ‚
2466 3260 2693 3315 omnes
2738 3243 3049 3336 loquendi
3096 3242 3228 3313 for-

326 3367 510 3415 mas:
570 3345 771 3423 vide,
811 3344 1054 3415 nihilne
1085 3344 1269 3427 iniis
1319 3339 1760 3434 ambiguitatis
1800 3344 2014 3415 lateat.
2050 3340 2192 3414 ἈΒ
2223 3342 2517 3434 ambiguis
2541 3390 2565 3423 ‚
2598 3338 2649 3410 fi
2689 3359 2875 3432 potes
2898 3390 2921 3426 ,
2965 3338 3222 3428 abstine:

317 3438 427 3511 'fin
489 3442 700 3515 minus
751 3491 775 3531 ‚
854 3440 1114 3536 sequere
1161 3442 1239 3513 ’ἃ
1309 3439 1415 3512 hic
1480 3441 1878 3511 Geometras
1915 3485 1939 3520 ‚
2007 3434 2616 3527 accuratiffimisque
2715 3440 2780 3509 ἃ
2878 3432 3229 3509 clariffimis

305 3544 639 3610 “nominum
741 3540 1166 3633 dffnitionibus
1243 3561 1440 3612 voces
1542 3532 1629 3608 ab
1716 3536 1894 3607 ambi
1991 3537 2145 3608 'tate
2207 3530 2434 3604 libera.
2598 3539 2665 3606 A
2761 3537 3007 3632 vulgari
3076 3563 3228 3609 ver-‚-

305 3636 1115 3733 borumfigmfioetionefine
1153 3637 1364 3732 -cauffiz
1403 3663 1481 3709 ne
1511 3634 1773 3707 recedito
1804 3665 1824 3704 .-
1875 3561 2005 3706 {aa
2017 3632 2067 3705 fi
2119 3635 2184 3707 id
2223 3627 2633 3703 neceffarium
2660 3632 2763 3706 ·est
2785 3685 2810 3722 ,
2859 3634 2938 3705 ad
2969 3631 3223 3710 easdem

322 3732 572 3829 semper
609 3736 961 3806 >nominum
999 3733 1411 3806 definitiones
1465 3732 1804 3827 confugito
1828 3785 1853 3822 ,
1912 3732 2142 3827 easque
2189 3733 2282 3804 ita
2329 3731 2686 3825 proponito
2716 3788 2743 3823 ,
2790 3752 2879 3804 ut
2915 3754 3221 3827 appareat
3278 3802 3290 3809 .

305 3840 396 3903 ‘te‘
435 3833 649 3906 nudos
691 3830 939 3917 sonos,
979 3832 1158 3903 nuda
1181 3833 1460 3904 nomina
1495 3828 1765 3905 definire
1789 3861 1816 3915 ,-
1853 3857 1936 3904 ne
1975 3830 2162 3927 super
2207 3826 2590 3903 definitione
2638 3832 2712 3902 lis
2753 3830 2876 3904 tibi
2927 3833 3221 3906 intenda-

307 3948 473 4001 tur:
516 3933 556 4002 a
604 3930 858 4025 vulgari
922 3952 1085 4003 vero
1142 3925 1607 4022 fignificatione
1652 3947 1719 4001 te
1777 3931 2072 4004 recedere
2125 3981 2150 4018 ,
2210 3953 2351 4002 non
2394 3952 2629 4000 amore
2674 3932 2987 4005 novitatis
3019 3981 3043 4020 ‚
3108 3929 3219 4006 sed

318 4029 500 4120 quod
549 4030 732 4102 aliter
787 4025 1173 4101 sententiam
1221 4042 1408 4099 tuam
1460 4030 1819 4122 exprimere
1870 4056 2006 4102 non
2052 4027 2275 4124 poffis.
2341 4082 2347 4091 -

501 4226 582 4301 'Si
630 4211 743 4321 qui
791 4234 1116 4323 coguntur
1162 4225 1382 4297 multis
1435 4221 1504 4292 in
1552 4222 1721 4299 libro
1766 4226 1984 4319 aliquo
2029 4222 2252 4322 verbis
2288 4232 2400 4301 uti
2441 4224 2812 4322 ambiguis,
2866 4250 2984 4303 aut
3049 4251 3215 4301 con·
3274 4301 3285 4308 ,

328 4314 522 4397 su'et'as
573 4322 1062 4399 vocabulorum
1110 4320 1607 4419 fignificationes
1650 4345 1905 4397 mutare
1955 4352 1977 4404 3
2045 4326 2286 4397 multas
2327 4328 2398 4399 hi
2458 4328 2927 4419 Logomachias
2973 4349 3215 4420 praeca-

323 4420 569 4495 vehunt
597 4475 622 4511 ‚
693 4421 757 4495 -fi
802 4422 971 4497 lib'ro
1009 4424 1279 4497 indicem
1333 4422 1545 4495 horum
1588 4423 1914 4495 verborum
1959 4422 2316 4518 adjungent
2366 4446 2517 4498 cum
2550 4423 3035 4497 accuratiffimis
3087 4417 3214 4489 fin-

313 4522 623 4613 gulorum
668 4519 1162 4595 definitionibus
1194 4550 1216 4602 ;
1274 4522 1344 4593 in
1391 4518 1528 4614 ipso
1580 4543 1803 4594 autem
1832 4518 2001 4595 libro
2046 4522 2191 4595 haec
2232 4521 2438 4594 verba
2471 4523 2508 4593 a
2541 4518 2790 4593 caeteris
2836 4542 2955 4595 ant
3005 4517 3213 4588 chara-

310 4621 537 4693 rafi'ere
589 4619 825 4712 diversi)
853 4665 875 4694 2
918 4638 1035 4693 aut
1081 4622 1206 4693 alia
1248 4639 1391 4693 nota
1425 4618 1853 4713 distinguent.
1977 4620 2223 4695 »Locuti
2254 4618 2473 4692 sumus
2512 4617 2705 4711 supra
2745 4619 2826 4688 de
2878 4612 3123 4685 Lexico
3156 4653 3211 4718 1?
3264 4618 3498 4712 texicqn

310 4720 492 4812 quod
528 4719 687 4792 utile
744 4717 896 4793 effet
951 4720 1402 4812 Logomachiis
1448 4717 1740 4801 sanandis
1756 4745 1786 4800 ’ὅ
1830 4725 2087 4807 Lexicvn
2121 4741 2384 4813 quoque
2416 4718 2576 4788 utile
2626 4709 2775 4785 effet
2820 4698 3218 4801 Logomacbus
3267 4699 3536 4833 ξζῇξῃΐ

411 4816 791 4916 wmfetfiz·
860 4817 1155 4918 opuscula
1198 4817 1404 4917 191112
1438 4816 1590 4921 112.
1763 4815 1790 4821 “
2406 4814 2517 4885 Ρ·
2986 4814 3226 4886 „praeca-
3425 4792 3583 4854 μ’·
