4188 5670
1378 339 1535 403 ΠΒ
1641 309 2418 407 ῙιῠᾲυΕιᾸῙ“
3197 351 3337 429 37ς

3003 432 3072 486 s

426 503 625 603 igitur
638 554 664 592 ‚
695 509 1019 600 quantum
1039 505 1223 580 volet
1247 556 1272 596 ,
1298 502 1573 579 Roscius
1594 501 1823 600 aliquis
1842 518 1962 573 aut
1982 497 2257 593 AEsopus
2270 548 2298 587 3
2326 500 2649 602 quamdiu
2680 507 2788 582 vel
2814 507 3170 583 minimum
3188 532 3356 586 cor-⁸

394 631 525 698 pu:
550 629 833 698 opacum
850 606 1019 676 inter
1042 631 1277 679 manus
1301 605 1471 677 illius
1490 623 1689 697 atque
1720 600 1945 675 oculos
1970 623 2155 672 meos
2186 599 2556 694 interjacet3
2607 608 2809 679 Sardo
2834 608 3115 682 narrabit
3127 611 3324 705 flabu-

391 703 525 775 laen
548 731 573 785 3
599 704 757 776 nihil
788 700 992 776 audio
1013 754 1037 790 ,
1062 705 1131 776 id
1152 703 1252 778 est
1274 754 1300 792 ‚
1342 704 1503 776 nihil
1535 702 1761 775 video·
1812 768 1819 775 .
1858 698 2176 792 Dumque
2208 722 2439 772 manus
2457 703 2671 780 oculis
2685 705 2802 777 ille
2821 752 2842 783 ‚
2877 727 2992 780 aut
3018 733 3159 801 ,ego
3182 735 3319 782 ma·

394 799 597 916 pibus
626 803 860 973 offilos
901 797 1190 973 olfiverto
1206 835 1239 891 ·‚
1287 803 1631 897 intelligo3
1675 775 2068 893 simuiatque
2097 821 2262 872 vero
2308 796 2380 871 se
2402 799 2564 873 alter
2595 800 2894 878 nostrum
2917 806 3044 883 alio
3085 810 3315 898 vertit,

392 922 535 992 jam
594 924 661 971 ni
708 928 728 972 ι
799 924 957 994 amp
1002 927 1100 974 us.
2043 935 2047 942 ·
3035 939 3044 950 ·
3305 971 3312 976 .

590 999 776 1072 Adde
806 1050 829 1083 ‚
858 1000 1040 1092 quod
1065 996 1361 1094 pluribus
1404 996 1483 1072 fit
1499 997 1789 1092 periculis
1822 994 2026 1081 visus,
2056 995 2257 1088 quam
2278 995 2579 1085 auditus,
2606 994 2936 1074 obnoxius
2971 1027 2993 1079 3
3046 1026 3132 1073 ex
3164 1029 3304 1097 quo

394 1092 596 1172 ficut
628 1097 840 1191 plures
861 1094 992 1170 fint
1015 1101 1173 1172 caeci
1203 1102 1411 1193 quain
1429 1096 1602 1171 surdi
1621 1147 1645 1183 ‚
1666 1092 1863 1168 debili
1885 1092 2028 1169 visu
2050 1116 2252 1185 quam
2284 1094 2482 1168 debili
2531 1098 2780 1169 auditu.
2861 1098 3045 1186 Quid
3078 1123 3304 1176 autem

395 1217 613 1280 caeco,
660 1194 1019 1288 praesertim
1036 1222 1213 1271 coeco
1241 1218 1426 1283 nato,
1463 1194 1750 1269 miserius
1773 1192 1927 1268 effet
1945 1244 1971 1280 ,
1992 1187 2043 1262 fi
2071 1193 2163 1264 ita
2179 1193 2475 1266 homines
2507 1192 2944 1270 conveuiflent
2967 1231 2996 1284 ‚·
3017 1196 3303 1296 utfignis

394 1287 762 1365 vilibilibus
788 1296 989 1368 animi
1013 1293 1189 1368 sensa
1208 1296 1607 1391 explicarent
1629 1292 1673 1364 ἓ·
1714 1295 1880 1368 Sane
1897 1292 1965 1366 hi
1993 1314 2149 1362 cum
2180 1292 2528 1366 oculorum
2566 1293 2690 1370 usu
2735 1319 2938 1368 omne
2959 1313 3106 1372 tum
3147 1325 3299 1393 pro-

393 1394 754 1486 pemodum
781 1417 933 1466 cum
964 1393 1341 1468 hominibus
1359 1392 1761 1468 consortium
1799 1386 2162 1482 amisissent.
2257 1393 2413 1480 Qua
2451 1393 2629 1468 enim
2662 1396 2916 1468 ratione
2935 1392 3297 1473 nobiscum

395 1494 922 1589 colloquerentur
950 1491 984 1564 ἲ
1024 1493 1124 1567 Ut
1146 1518 1323 1568 nunc
1362 1491 1514 1567 sunt
1536 1515 1676 1578 rec,
1707 1488 1934 1563 surdus
1961 1491 2027 1562 δι
2050 1512 2172 1562 noc
2195 1490 2261 1560 ἃ
2284 1490 2562 1585 recipsas
2581 1491 2763 1566 videt
2785 1541 2809 1576 ‚
2846 1494 2911 1564 ἃ
2941 1488 2993 1563 fi
3009 1505 3161 1566 'non
3187 1496 3299 1569 ali·
3331 1565 3336 1571 .

392 1610 497 1663 ter
518 1641 542 1677 ,
587 1611 759 1664 certe
782 1616 880 1664 rec
901 1589 1064 1685 ipsas
1089 1591 1589 1666 demonstrando
1614 1639 1640 1676 ‚
1670 1607 1787 1661 aut
1813 1584 2008 1683 fignis
2028 1587 2561 1683 qualitercunque
2586 1585 3042 1665 adumbrandc
3065 1642 3087 1678 ,
3122 1617 3303 1667 men.

394 1708 539 1763 tem
578 1691 783 1783 aperit
818 1739 840 1775 ,
868 1691 1175 1782 idemque
1206 1716 1327 1764 nos
1362 1687 1479 1787 ipfi
1503 1688 1709 1763 facere
1734 1685 2087 1782 pofl'umus.
2174 1686 2303 1773 At,
2332 1684 2379 1759 fi
2408 1708 2749 1764 mutorum
2787 1688 3009 1784 lingua
3039 1688 3300 1765 obtine-

393 1809 536 1875 ret,
563 1812 741 1864 caeco
764 1788 922 1860 nihil
953 1781 1420 1883 relinqueretur
1442 1841 1464 1876 ‚
1490 1786 1608 1861 nisi
1636 1808 1833 1860 voces
1855 1783 2286 1860 inarticulatae
2304 1807 2501 1879 atque
2525 1788 3106 1873 contreetationm
3138 1813 3298 1885 quas

391 1890 512 1960 vix
532 1888 677 1982 quis
724 1905 878 1958 uam
902 1887 1180 1961 aliorum
1200 1889 1551 1961 hominum
1578 1886 1995 1978 intelligerem
2022 1906 2314 1977 quasque
2346 1909 2557 1959 caecus
2572 1886 2690 1958 ille'
2702 1886 2941 1979 pariter
2956 1936 2979 1972 ‚
3025 1883 3074 1959 fi
3097 1914 3302 1983 quan.

394 1985 483 2059 do
504 1986 656 2058 mlia
708 2010 861 2079 tgna
887 2009 1011 2057 nos
1040 1987 1110 2057 in
1148 1987 1291 2079 ejus
1321 1989 1600 2081 gratiam
1630 1983 1915 2058 formare
1938 1982 2257 2056 vellemus
2281 2032 2309 2069 ‚
2353 1985 2473 2058 vix
2503 1984 2860 2079 intelligere
2879 1982 3099 2077 posset.
3189 1987 3306 2064 Er.

390 2108 481 2177 go
512 2081 562 2154 fi
587 2082 867 2177 gestibus
889 2083 1310 2175 loqueremur
1335 2136 1358 2173 ,
1384 2109 1596 2159 caecus
1623 2082 1710 2156 ab
1733 2084 2087 2155 hominum
2111 2080 2414 2156 societate
2439 2081 2736 2155 exclusus
2755 2083 3086 2157 videretur
3105 2137 3127 2173 ,
3155 2085 3330 2160 lon--

392 2206 606 2275 geque
637 2179 1125 2255 miserior·foret
1146 2234 1168 2269 ‚
1218 2181 1266 2255 fi
1297 2181 1600 2255 manibus
1624 2181 2077 2277 loqueremur,
2107 2203 2317 2270 quam
2340 2204 2519 2254 nunc
2536 2181 2760 2258 surdus
2782 2179 2873 2254 est
2893 2231 2915 2268 ,
2938 2205 3096 2258 cum
3129 2208 3295 2257 voce

393 2279 744 2373 loquimur.
824 2281 1007 2368 Qin
1037 2283 1099 2353 &
1140 2283 1227 2367 ii,
1253 2282 1593 2376 quioculis
1623 2304 1855 2373 parum
1898 2277 2297 2373 prospiciunt
2346 2280 2631 2372 nihilque
2676 2277 2967 2352 distincte
3002 2281 3229 2356 vident
3269 2325 3328 2369 ,-

393 2380 591 2471 quam
625 2378 923 2471 proxime
946 2380 1227 2453 admotis
1257 2381 1461 2454 oculis
1485 2377 1651 2473 [qui
1675 2379 1933 2473 plurimi
1957 2378 2108 2450 sunt
2133 2429 2157 2465 ,
2185 2380 2251 2450 &
2270 2378 2490 2471 plures
2517 2376 2689 2450 forte
2720 2375 2916 2450 effeut
2934 2429 2957 2465 ‚
3013 2376 3065 2450 sl
3095 2381 3328 2461 oculis⁴

394 2474 478 2548 ad
508 2479 813 2548 minimas
827 2480 1185 2570 digitorum
1206 2480 1640 2552 motiunculas
1665 2476 2101 2550 observandas
2123 2473 2485 2568 uteremur]
2503 2478 2698 2571 longe
2719 2477 3016 2571 pluribus
3035 2497 3184 2551 tum
3201 2481 3298 2551 in-

396 2576 757 2645 commodis
781 2600 1165 2668 urgerentur
1191 2629 1215 2662 ,
1241 2582 1437 2669 quam
1467 2603 1642 2649 nunc
1661 2575 1957 2648 surdastri
1978 2625 2002 2660 ‚
2035 2576 2151 2665 qui
2167 2595 2389 2648 tamen
2404 2576 2596 2669 longe
2619 2573 2767 2667 sunt
2790 2576 2910 2647 illis
2927 2578 3288 2669 pauciores,

590 2674 805 2760 Atque
830 2674 1099 2745 idemde
1120 2674 1536 2766 loquentibus
1558 2726 1580 2760 ‚
1629 2677 1671 2745 i.
1706 2700 1762 2745 e.
1812 2673 2015 2745 animi
2065 2670 2161 2744 sui
2211 2670 2386 2744 sensa
2421 2674 2554 2746 aliis
2586 2673 3129 2756 declararantibus
3168 2674 3297 2747 dici

394 2763 612 2841 debet.
689 2767 785 2843 Ut
808 2771 949 2862 quis
963 2770 1253 2865 linguam
1272 2792 1388 2844 aut
1416 2773 1656 2865 linguae
1680 2770 1871 2843 usum
1886 2772 2148 2849 amittat
2166 2819 2188 2855 ‚
2224 2788 2343 2842 aut
2364 2774 2564 2845 etiam
2593 2773 2675 2845 ad
2702 2769 2890 2845 usum
2920 2774 3211 2867 ineptam
3258 2774 3298 2845 a
3325 2805 3328 2810 >

389 2866 737 2938 nativitate
761 2869 1003 2940 habeat
1025 2899 1051 2950 ,-
1080 2866 1403 2941 rariffime
1425 2870 1761 2961 contingit.
1837 2867 2055 2941 Plures
2083 2865 2217 2941 sine
2255 2867 2566 2943 manibus
2607 2890 2723 2941 aut
2765 2871 2979 2965 digitis
3004 2924 3028 2958 ‚
3070 2890 3184 2945 aut
3214 2871 3295 2945 ad

389 2964 864 3050 motiunculas‚
901 2990 1061 3059 quae
1084 2968 1191 3037 illa
1209 2970 1495 3061 gestuum
1508 2968 1713 3060 lingua
1740 2966 2094 3058 requireret
2125 3017 2148 3053 ‚
2227 2967 2459 3059 ineptis
2482 2966 2844 3041 nascuntur.
2913 2970 3000 3041 Et
3035 2973 3291 3063 quoties
3367 3017 3376 3025 ·

385 3063 643 3134 homini
684 3086 915 3135 manus
954 3064 1384 3152 mutilantur,
1440 3064 1622 3158 digiti
1654 3060 2020 3137 laxantur?
2064 3082 2232 3158 quot
2265 3062 2416 3137 sunt
2464 3065 2681 3146 casus,
2719 3069 2831 3159 qui
2858 3063 3045 3145 usum
3068 3094 3304 3147 eorum

388 3158 956 3236 nobisadimunt?
1022 3169 1214 3253 Qot
1248 3164 1393 3236 sunt
1417 3215 1441 3250 ‚
1476 3165 1696 3256 quiex
1744 3162 1919 3236 bello
1959 3165 2286 3237 truncatis,
2309 3163 2393 3235 ad
2418 3163 2563 3236 suos
2605 3165 2905 3238 manibus
2956 3168 3299 3240 redeunt?

387 3259 484 3331 Hi
509 3261 675 3330 vero
702 3264 898 3353 quam
928 3262 1135 3338 miseri
1158 3259 1352 3334 effent
1382 3312 1405 3347 ‚
1434 3259 1479 3332 si
1503 3261 1863 3334 sermonem
1890 3287 2017 3332 una
2045 3285 2197 3333 cum
2246 3286 2572 3333 manuum
2610 3264 3054 3356 digitorumve
3081 3262 3200 3336 usu
3228 3288 3312 3343 a,
3377 3310 3382 3317 -

389 3352 693 3428 misissent
717 3367 753 3425 ι’
802 3365 1030 3449 Qam
1057 3358 1443 3431 detestabilis
1472 3357 1621 3430 effet
1641 3360 1915 3431 morbus
1939 3360 2275 3451 Chiragra‚
2294 3384 2447 3452 quae
2471 3361 2765 3432 homines
2784 3382 3005 3432 mutos
3033 3359 3291 3452 prorsus

386 3453 685 3527 faceret?
756 3460 951 3532 Certe
978 3461 1170 3551 longe
1194 3480 1338 3528 tum
1367 3459 1491 3529 hoc
1516 3453 1756 3530 morbo
1781 3456 2081 3530 laborans
2106 3453 2258 3527 effet
2286 3457 2554 3529 homine
2588 3477 2781 3529 muto
2808 3455 3124 3529 infelicior
3145 3509 3168 3546 ,
3212 3456 3292 3532 fi.

388 3552 658 3648 quidem
695 3555 799 3626 hic
819 3557 1038 3630 saltem
1073 3559 1157 3628 ad
1179 3558 1451 3654 linguam
1483 3555 2028 3647 repraefintativam
2061 3551 2414 3645 confugere
2441 3550 2642 3645 poffet
2665 3605 2688 3641 ,
2719 3579 2849 3646 qua
2874 3555 3154 3648 cogitata
3176 3583 3292 3653 pa.

386 3649 650 3725 tefhciat
672 3702 696 3738 ,
725 3658 964 3743 quaein
992 3654 1273 3751 gestibus
1300 3655 1433 3729 fere
1461 3651 1744 3727 conlistit
1766 3684 1795 3737 ,·
1820 3655 1971 3726 huic
2004 3676 2164 3727 vero
2195 3651 2346 3724 nihil
2377 3649 2635 3745 prorsus
2673 3652 3138 3746 relinqueretur
3168 3684 3187 3728 ε
3217 3683 3298 3732 ο..

385 3752 473 3822 ris
499 3751 676 3821 enim
705 3750 981 3826 vocibus
1012 3779 1095 3826 ne
1125 3757 1385 3828 unicam
1407 3754 1673 3850 quidem
1718 3751 2198 3847 cogitationum
2239 3747 2504 3824 suarum
2533 3749 2667 3823 ullo
2696 3750 2910 3825 modo
2943 3754 3287 3847 repraesen-

376 3868 526 3921 tare
545 3844 770 3941 poflizt.

360 4874 383 4931 Ι
524 4864 535 4875 ,

587 3946 905 4021 Videmus
946 3948 1143 4043 igitur
1162 4000 1185 4036 ‚
1230 3974 1383 4044 quae
1428 3967 1741 4022 mutorum
1773 3948 1982 4046 lingua
2033 3945 2250 4021 secum
2302 3946 2516 4019 trahat
2538 3949 2958 4022 incommoda
2981 3998 3006 4035 ‚
3051 3951 3118 4023 &
3138 3946 3304 4034 sunt,

386 4041 674 4120 fortaffis
717 4049 840 4119 alia
866 4046 1050 4141 plura
1075 4099 1097 4135 ,
1125 4072 1411 4142 quorum
1436 4066 1658 4120 tamen
1682 4047 1857 4119 nulla
1887 4049 1956 4121 in
1979 4048 2101 4120 hac
2124 4046 2334 4120 vooeli
2362 4046 2583 4141 lingua
2623 4049 3050 4140 reperiuntur.
3098 4049 3284 4122 Nam

385 4168 604 4236 neque
639 4142 952 4218 sermonis
982 4147 1257 4240 Organa
1284 4196 1306 4231 ,
1356 4169 1566 4240 neque
1591 4146 1848 4217 auditus
1871 4163 1979 4218 tot
1995 4147 2290 4240 periculis
2321 4143 2471 4216 sunt
2503 4170 2578 4217 ac
2602 4170 2833 4218 manus
2869 4149 2934 4219 δι
2974 4146 3146 4219 oculi
3171 4170 3288 4218 ex-

387 4238 653 4337 pofita3
694 4269 906 4339 neque
948 4242 1181 4319 sonum
1217 4241 1511 4318 tenebrae
1561 4266 1776 4334 neque
1807 4245 2248 4335 interjacentia
2288 4266 2562 4335 corpora
2603 4246 2967 4337 impediunt
3003 4273 3028 4326 ,-
3074 4268 3287 4337 neque
3365 4284 3370 4291 ·

385 4343 647 4413 aurium
669 4346 945 4416 attentio
978 4344 1307 4438 linguaeve
1340 4362 1565 4417 motus
1590 4337 1845 4413 laborer
1882 4344 1949 4414 &
1978 4344 2433 4434 occupationes
2456 4341 2699 4415 nostras
2736 4342 3082 4435 interpellit
3108 4369 3129 4422 3
3171 4365 3290 4412 ne-

390 4460 524 4533 que
552 4464 740 4513 auree
766 4466 968 4535 prope
985 4467 1276 4537 unquam
1294 4443 1621 4517 audiendo
1645 4493 1668 4530 ‚
1698 4465 1911 4535 neque
1939 4440 2270 4534 loquendo
2297 4439 2518 4533 lingua
2540 4436 2951 4531 defatigatur.
3289 4444 3292 4447 ’

487 4570 499 4583 ·
587 4542 893 4633 Cumque
917 4539 1055 4616 duo
1072 4538 1491 4635 -potiffimum
1515 4542 1926 4635 requirantur
1951 4538 2035 4611 ad
2062 4536 2373 4610 sermonis
2391 4534 2854 4631 perfectionem
2886 4563 2908 4613 3
2950 4554 3027 4603 ut
3059 4528 3299 4642 scilicet

391 4662 631 4735 magna
656 4634 1017 4733 signorum,
1048 4650 1170 4735 pro'·
1193 4641 1672 4735 cogitationum
1690 4634 1944 4727 infinita
1979 4636 2401 4806 nrauhtitudine
2423 4684 2448 4722 ‚
2485 4634 2762 4706 varietas
2786 4633 2985 4719 quam
3014 4644 3305 4791 nuffibms

1940 4738 1992 4807 B
2200 4752 2250 4809 2
3287 4761 3316 4778 ·
