4188 5670
1220 257 2358 358 Paor‘r’rtnriura.
3155 315 3404 401 243*

399 450 544 533 tatis
594 452 964 553 cognitione
1020 444 1275 564 ducias
1319 447 1447 532 est3
1507 450 1590 526 ad
1624 453 1793 528 hanc
1836 452 2292 548 inquirendam
2324 478 2514 540 natus
2538 462 2657 542 eme
2692 463 2993 560 videtui-3
3027 475 3109 554 ad
3146 481 3314 557 hane

380 556 836 635 invemendam
888 551 1154 627 rationis
1206 570 1349 621 vnn
1397 574 1541 646 prae
1591 552 1842 627 coeteris
1881 554 2322 667 animantibus
2363 565 2627 657 accepit.

570 712 744 801 Quis
780 699 1156 802 persuadere
1181 698 1302 776 fibi
1325 704 1564 799 potest,
1593 730 1737 781 eam
1766 700 1886 782 effe
1917 696 2367 780 conditionem
2396 710 2675 784 humani
2700 719 2952 809 generis
2985 771 3010 806 ,
3037 724 3120 798 ad
3147 724 3313 800 veri·
3401 720 3404 727 ”

378 810 523 885 tatis
549 803 1035 908 inquisitionem
1061 801 1196 877 nati
1216 853 1240 889 ,
1267 824 1341 876 ut
1360 796 1518 878 felix
1549 805 1667 878 esse
1699 830 1833 878 non
1869 803 2092 901 polilt,
2123 802 2237 895 nifi
2273 834 2502 882 omnes
2537 816 2951 889 mendacium
2984 822 3305 913 credant,

377 909 655 1003 huicque
694 928 925 979 omnes
982 904 1268 977 actiones
1302 900 1444 974 suas
1491 901 1984 999 super-struant?
2061 907 2233 993 Qis
2268 908 2529 995 credat,
2575 917 2986 988 mendaium
3016 918 3134 992 effe
3166 920 3307 994 fun-

375 1004 762 1078 damentum
804 1004 1016 1074 omnis
1061 1000 1274 1085 boni,
1322 1003 1535 1075 omnis
1585 1005 1886 1090 virtutis,
1931 1005 2148 1075 omnis
2198 1006 2588 1094 honestatis,
2627 1011 2763 1084 imo
2829 1018 3042 1087 omnis
3089 1024 3301 1112 pacis,

369 1103 849 1198 tranquillitatis
905 1102 968 1171 ἃ
1006 1098 1320 1172 felicitatis
1358 1101 1526 1174 inter
1571 1102 1865 1173 homines
1890 1100 1937 1187 ἲ,
1981 1104 2149 1189 Quis
2195 1104 2459 1201 credat,
2503 1107 2686 1180 illum
2738 1112 3104 1204 appetitum
3139 1120 3305 1206 yesi.

368 1203 524 1274 tatis
582 1198 1047 1295 cognoscendae
1099 1196 1352 1297 homini
1395 1199 1476 1269 ad
1518 1199 1885 1293 perniciem
1915 1196 2034 1271 effe
2069 1203 2298 1273 datum
2331 1253 2357 1287 ,
2409 1227 2563 1275 cum
2613 1207 2841 1302 reliqui
2890 1224 3128 1286 o'rrsnes
3189 1242 3303 1311 ap-

361 1298 613 1397 petitus
669 1292 989 1371 naturales
1046 1294 1381 1368 manifeste
1430 1295 1514 1368 ad
1553 1299 1840 1370 hominis
1891 1295 2147 1369 bonum
2197 1300 2524 1374 tendant?
2600 1307 2703 1378 An
2745 1332 2906 1382 vero
2953 1310 3300 1387 hominum

362 1390 823 1491 Sapientiflimi
848 1399 887 1468 i.
932 1420 987 1468 e.
1035 1395 1149 1489 qui
1192 1388 1473 1488 penitius
1520 1393 1926 1489 cognoscunt
1970 1398 2320 1470 veritatem
2348 1401 2690 1485 ‚homines
2727 1404 2883 1477 sunt
2936 1410 3299 1499 perniciosi-

362 1492 577 1583 ssimi,
625 1500 764 1568 imo
807 1493 1019 1568 hostes
1063 1495 1314 1586 generis
1363 1492 1702 1565 humani?
1784 1490 1991 1581 Quod
2031 1490 2080 1565 fi
2127 1496 2219 1566 ita
2269 1500 2408 1569 nati
2457 1498 2717 1589 sumus,
2765 1526 2843 1576 ut
2891 1500 3024 1578 fine
3075 1534 3298 1584 errore

359 1591 571 1666 felices
615 1589 737 1666 effe
774 1617 912 1665 non
967 1586 1324 1685 ponimus,
1379 1590 1462 1662 ad
1509 1590 1857 1663 errandum
1912 1593 2049 1663 nati
2108 1590 2348 1664 sumus.
2437 1596 2746 1674 Erremus
2824 1604 3022 1696 igitur
3043 1634 3070 1690 ς
3147 1611 3296 1681 vale

357 1711 750 1786 perpetuum
795 1691 1092 1763 dicamus
1138 1689 1404 1762 veritati
1453 1706 1595 1760 tam
1650 1690 1874 1761 noxiae
1898 1738 1925 1777 ‚
1975 1708 2116 1762 tam
2189 1692 2570 1799 pericplosae
2594 1751 2616 1786 ,
2672 1721 2808 1772 tam
2855 1705 3047 1775 omni
3092 1709 3290 1800 paci3

356 1790 548 1862 omni
593 1789 794 1885 quieti
843 1792 907 1863 &
965 1786 1256 1861 felicitati
1300 1783 1610 1860 adversae.
1649 1809 1657 1815 ·
1699 1788 1837 1865 Aut
1864 1838 1887 1873 ‚
1960 1784 2011 1859 fi
2088 1812 2303 1881 neque
2364 1814 2664 1868 amorem
2720 1796 3032 1873 felicitatis
3078 1822 3292 1897 neque

353 1889 646 1962 veritatis
683 1905 995 1961 excutere
1037 1882 1367 1979 possumus
1391 1936 1416 1972 ,
1452 1885 1791 1957 credamus
1836 1900 2072 1968 verum
2102 1885 2223 1959 effe
2244 1888 2441 1977 illud,
2492 1898 2671 1986 quod
2729 1893 2849 1969 nisi
2887 1920 3123 1974 verum
3170 1902 3289 1975 effi

350 1987 735 2074 credamus,
788 1982 1007 2058 felices
1045 1979 1166 2054 effe
1208 2006 1347 2056 non
1392 1978 1746 2079 possumus·

548 2135 641 2211 At
688 2137 864 2212 enim
898 2135 1194 2210 atheismi
1226 2133 1495 2229 suspecti
1521 2187 1545 2222 ,
1611 2137 1750 2210 imo
1778 2129 2166 2208 atheismum
2193 2130 2495 2227 profesti,
2533 2114 2695 2212 ’non
2741 2136 2986 2237 semper
3020 2132 3285 2218 fuerunt

344 2235 656 2307 omnium
704 2232 1011 2332 peffimi3
1063 2258 1189 2306 nec
1232 2236 1347 2330 qui
1394 2234 1666 2343 aedunt
1715 2232 2122 2307 existentiam
2175 2234 2307 2307 Dei
2377 2235 2626 2330 semper
2670 2236 2820 2312 sunt
2872 2243 3130 2335 optimi.
3261 2262 3270 2269 ·

328 2470 349 2477 Ἦ
537 2388 949 2484 Respondeo.
1003 2388 1189 2463 Nihil
1234 2388 1469 2463 certius
1497 2387 1627 2477 est,
1674 2408 1877 2482 quam
1927 2386 2201 2459 atheum
2223 2436 2249 2474 ‚
2314 2390 2434 2483 qui
2478 2391 2734 2461 nullum
2786 2391 3060 2465 Numen
3101 2419 3283 2467 vere·

338 2504 446 2560 tur
466 2538 493 2576 ‚
531 2490 782 2560 caeteris
830 2486 1093 2581 paribus
1146 2486 1220 2558 iis
1242 2536 1269 2573 ,
1311 2488 1425 2581 qui
1466 2487 1759 2559 Numen
1794 2504 2107 2557 metuunt
2128 2533 2154 2572 ‚
2215 2485 2509 2577 pejorem
2560 2488 2601 2558 i.
2656 2512 2712 2559 e.
2757 2487 3279 2581 perniciosiorem

334 2583 478 2662 effe.
568 2585 777 2673 Quod
829 2581 881 2655 fi
936 2598 1097 2657 vero
1149 2608 1319 2656 unus
1364 2602 1565 2676 atque
1602 2585 1763 2656 alter
1824 2601 2118 2676 repertus
2172 2580 2314 2669 est}
2378 2585 2493 2677 qui
2538 2584 2698 2654 nihil
2786 2588 3013 2658 damni
3059 2578 3281 2683 generi

327 2681 639 2754 humano
704 2680 925 2753 attulit
968 2728 991 2766 ‚
1056 2679 1173 2772 qui
1241 2678 1513 2772 pacifice
1556 2682 1727 2753 vixit
1755 2730 1779 2766 ‚
1828 2682 1891 2750 &
1936 2678 2454 2770 tranquilitatem
2493 2678 2825 2773 publicam
2872 2710 3009 2758 non
3054 2682 3278 2760 turba·

325 2779 483 2868 vit,
543 2803 630 2851 ex
686 2779 833 2860 hoc,
859 2777 1023 2849 nihil
1064 2778 1364 2851 concludi
1405 2776 1638 2872 potest.
1715 2779 1783 2851 Si
1826 2778 1971 2870 quis
2019 2772 2266 2863 credit,
2321 2777 2576 2873 Regem
2624 2776 2815 2852 suum
2841 2805 2973 2855 non
3006 2781 3273 2861 eflbsso-

328 2902 477 2970 gem
542 2878 916 2972 legitimum
942 2926 967 2961 ‚
1017 2876 1123 2948 sed
1184 2874 1633 2971 usurpatorem
1662 2926 1687 2963 ‚
1734 2874 1953 2971 potest
2000 2876 2349 2968 aliquando
2397 2878 2544 2949 haec
2592 2880 2936 2973 tranquille
2963 2887 3219 2959 crede‘e
3241 2937 3265 2971 ,

330 2976 393 3047 δι
437 2976 599 3047 nihil
662 2971 1011 3047 turbarum
1055 2994 1398 3068 propterea
1456 2977 1832 3059 concitare5
1904 2973 2057 3045 inde
2103 2993 2326 3045 tamen
2353 3000 2489 3047 non
2533 2974 2819 3071 seqnitur
2844 3029 2869 3065 ,
2923 2976 3090 3056 hanc
3125 3009 3272 3078 per-
3365 3023 3375 3035 κ

329 3069 699 3145 suasionem
740 3098 877 3145 non
912 3068 1031 3143 effe
1083 3069 1422 3166 peffimam
1466 3075 1532 3145 δε
1568 3075 1711 3169 paci
1764 3069 2053 3168 publicae
2093 3070 2620 3148 inimiciffimam.
2706 3076 2775 3150 Si
2819 3079 3048 3152 atheus
3094 3101 3272 3153 tran-

329 3170 519 3263 quille
564 3174 631 3244 &
677 3168 941 3265 pacifice
990 3169 1159 3243 vivit
1218 3174 1282 3242 &
1329 3222 1353 3258 ‚
1376 3169 1556 3264 quod
1597 3191 1883 3268 externa=
1915 3172 2153 3244 attinet
2174 3219 2198 3256 ,
2234 3171 2499 3245 honeste
2516 3202 2544 3256 ,-
2621 3174 2754 3244 hoc
2813 3198 2897 3245 ex
2950 3195 3271 3269 tempera·-

328 3288 553 3342 mento
595 3269 744 3361 ejus
792 3268 1144 3364 provenire
1199 3267 1409 3362 potest
1430 3318 1453 3354 ,
1517 3269 1700 3341 molli
1754 3288 1872 3341 aut
1917 3267 2154 3340 timido
2213 3289 2332 3340 aut
2388 3271 2625 3362 quietis
2674 3292 2988 3354 amante3
3042 3293 3157 3345 aut
3185 3295 3271 3348 ex

324 3367 759 3454 educatione,
804 3391 960 3462 quae
1007 3361 1219 3459 ipsum
1276 3384 1567 3438 extetnae
1617 3366 1877 3440 cuidam
1948 3361 2267 3436 honestati
2315 3363 2683 3437 affue'fecit:
2745 3385 2863 3438 aut
2921 3394 3004 3440 ex
3061 3368 3269 3445 defec-

321 3485 394 3537 tu
441 3461 803 3538 occasionis
845 3465 1014 3538 male
1057 3462 1286 3559 agendi
1319 3492 1343 3545 ι
1403 3481 1520 3535 aut
1561 3486 1642 3534 ex
1688 3461 1946 3535 defectu
1990 3462 2361 3555 potentiae3
2402 3479 2525 3533 aut
2573 3484 2657 3532 ex
2706 3455 3067 3541 diffidentia
3109 3496 3266 3565 qua-

320 3561 471 3635 dam
511 3566 579 3638 &
623 3584 833 3636 metu.
914 3564 1094 3636 Cum
1138 3563 1314 3634 enim
1374 3556 1739 3657 pauciffimi
1791 3555 1922 3633 sint
1951 3606 1971 3636 ,
2013 3558 2132 3653 qui
2172 3579 2258 3629 eo
2302 3557 2656 3654 impietatis
2704 3563 2970 3637 veniant
3002 3616 3026 3653 ‚
3068 3572 3264 3641 comi.

320 3679 413 3734 tes
458 3665 521 3735 &
554 3663 898 3755 adjutores
932 3659 1325 3755 flagitiorum
1376 3660 1443 3733 se
1491 3660 1878 3732 inventuros
1918 3656 2255 3751 desperant
2277 3704 2306 3744 ‚
2366 3657 2535 3731 inter
2589 3657 2886 3732 homines
2931 3665 3262 3740 Deum'ti-

320 3779 591 3833 mentes.
679 3758 891 3848 Quod
938 3753 989 3828 fi
1037 3771 1198 3832 vero
1246 3758 1475 3833 eadem
1518 3752 1844 3853 persuasio
1878 3751 2108 3831 incidit
2154 3754 2226 3825 in
2267 3754 2604 3830 hominem
2673 3758 2989 3838 audacem
3012 3815 3036 3852 ‚
3091 3764 3263 3839 fero*-

323 3881 501 3944 cem,
553 3859 680 3951 qui
739 3850 1105 3930 occasiones
1146 3857 1212 3929 &
1266 3858 1439 3930 vires
1484 3856 1765 3930 nocendi
1820 3853 2074 3936 habets
2135 3848 2190 3923 fi
2242 3851 2388 3927 haec
2447 3851 2773 3949 persuasio
2851 3860 3264 3942 invalesceret

320 3959 381 4033 ἃ
421 3953 728 4054 pluribus
758 3951 951 4033 fieret
1001 3955 1369 4030 communis
1390 4004 1417 4046 ‚
1454 3955 1613 4049 quid
1657 3980 1798 4032 non
1850 3949 2283 4033 metuendum
2331 3948 2545 4028 effet?
3029 3957 3034 3964 ’

2849 4559 3262 4688 CAPUT
