4188 5670
929 407 1073 484 172
1539 442 1548 451 .
1924 385 2093 459 De
2226 383 2852 462 Teutone

905 574 1117 691 magis
1163 570 1284 648 effe
1321 564 1607 743 ,stquam
1648 571 1972 667 punitum
2022 564 2115 642 est
2155 564 2302 666 p'ars
2361 569 2553 644 lineae
2579 618 2605 656 ,
2651 570 2805 664 quia
2843 586 2922 642 ut
2962 569 3089 645 hoc
3125 567 3293 647 linea
3332 617 3359 657 ,
3382 550 3405 573 “
3427 563 3517 642 fic
3563 570 3674 645 illa
3718 570 3835 647 du-

908 695 1079 748 ratio
1137 699 1274 747 1¹10ss
1324 694 1359 744 Θ
1415 724 1432 741 .

1097 772 1284 844 VIII.
1360 770 1592 843 Omne
1645 766 1916 844 finitum
1958 762 2159 844 habet
2208 768 2389 843 suam
2430 784 2681 843 certam
2727 771 3189 866 quantitatem.
3366 744 3859 857 Quantitatem‘

892 867 1239 944 definimus
1266 919 1290 956 ,
1344 875 1474 962 qua
1525 888 1677 963 apte
1742 868 2165 965 respondetur
2219 867 2616 964 quaestioni,
2666 888 2912 962 quanta
2959 866 3042 941 fit
3092 890 3214 941 res.·
3336 866 3534 939 Unde
3588 888 3774 962 patet
3796 921 3823 956 ,

889 988 1215 1062 quantum
1271 971 1340 1039 in
1386 964 1449 1039 se
1504 970 1659 1040 nihil
1718 966 1836 1040 esse
1865 1019 1892 1056 ,
1935 967 2043 1040 sed
2071 1020 2097 1054 ,
2156 988 2238 1041 ut
2285 969 2479 1043 alicui
2562 969 2891 1062 quantitas
2948 987 3121 1039 certa
3165 964 3495 1039 tribuatur
3542 1014 3568 1051 ,
3630 968 3699 1039 id
3743 969 3827 1040 ad

888 1068 1064 1140 aliud
1115 1065 1431 1140 referatur
1483 1117 1508 1151 ‚
1562 1088 1884 1160 oportere.
2026 1064 2377 1153 Qaerenti
2443 1067 2620 1139 enim
2667 1083 2913 1159 quanta
2943 1061 3025 1137 fit
3083 1089 3182 1137 res
3214 1115 3238 1151 ,
3271 1063 3644 1163 responderi
3702 1090 3824 1138 ne·

886 1169 1080 1258 quit,
1124 1192 1193 1237 re
1239 1168 1309 1237 in
1360 1163 1421 1236 se
1468 1165 1791 1238 duntaxat
1835 1160 2309 1257 considerata,
2355 1168 2422 1237 &
2477 1188 2629 1235 cum
2667 1164 2792 1237 alia
2841 1188 2980 1235 non
3032 1163 3286 1236 collata.
3395 1163 3605 1251 Qod
3648 1159 3697 1233 si
3751 1189 3815 1236 v.

886 1289 981 1358 gr.
1028 1284 1403 1359 quaeratur,
1463 1284 1792 1356 quantum
1834 1259 1920 1336 fit
1968 1264 2097 1337 hoc
2151 1289 2387 1358 corpus
2435 1313 2459 1349 ,
2508 1263 2691 1355 quod
2769 1286 2908 1357 prae
2959 1262 3161 1334 oeulis
3212 1261 3304 1335 est
3330 1311 3353 1347 ,
3423 1284 3626 1356 quam
3685 1261 3825 1337 lon-

890 1387 1053 1456 gum
1077 1414 1114 1450 „
1147 1348 1395 1448 latum,
1451 1364 1573 1433 διο·
1653 1361 1840 1434 Nihil
1885 1360 2275 1457 respondere
2327 1364 2608 1456 poteris,
2663 1358 2796 1434 sola
2854 1360 3047 1452 hujus
3096 1361 3388 1454 corporis
3456 1360 3822 1454 longitudi-

890 1486 977 1533 ne
1024 1461 1088 1533 δε
1136 1460 1473 1533 latitudine
1518 1459 1816 1555 expensa.
1900 1463 1990 1534 At
2035 1457 2086 1532 fi
2152 1462 2349 1533 aliam
2401 1484 2665 1554 quoque
2735 1483 2882 1531 rem
2934 1455 3267 1531 extensam
3336 1462 3405 1530 in
3456 1455 3821 1534 subfidium

889 1584 1125 1644 voces,
1164 1577 1326 1653 puta
1373 1558 1600 1630 ulnam
1647 1557 1753 1631 vel
1806 1560 2090 1652 pedem,-
2141 1556 2589 1651 Respondebis
2631 1584 2698 1631 v.
2757 1583 2852 1652 gr.
2896 1557 3154 1650 Corpus
3196 1556 3362 1628 istud
3423 1559 3633 1629 latum
3690 1574 3821 1632 tres

888 1657 1119 1743 ulnas,
1156 1658 1429 1751 longum
1477 1654 1595 1729 effe
1640 1657 1921 1730 totidem
1966 1659 2207 1752 pedes:
2279 1656 2356 1728 Id
2409 1656 2501 1729 est
2542 1707 2566 1743 ,
2612 1673 2867 1730 tantam
2927 1655 3067 1747 ejus
3125 1651 3246 1726 effe
3304 1653 3814 1750 longitudinem,

886 1774 1135 1849 quanta
1182 1756 1362 1851 pedis
1407 1754 1498 1827 est
1551 1773 1650 1828 ter
1695 1758 1969 1851 repetita
2013 1756 2381 1851 longitudo.
2477 1756 2581 1829 Sic
2636 1756 2705 1826 in
2750 1753 3193 1827 Arithmeticis
3237 1777 3553 1827 numerus
3605 1752 3814 1829 solam

883 1848 1087 1942 σχίσιν
1142 1857 1208 1926 &
1241 1850 1698 1928 habitudinem
1746 1855 1830 1926 ad
1877 1857 2204 1929 unitatem
2245 1872 2572 1949 conceptu
2634 1852 2941 1927 involvit.
3788 1880 3804 1891 ·

1072 1952 1198 2025 IX.
1257 1953 1369 2026 Est
1405 1955 1629 2045 itaque
1690 1956 2019 2047 quantitas
2068 1954 2229 2027 nihil
2271 1951 2446 2027 aliud
2467 2004 2493 2041 ,
2560 1953 2763 2048 quam
2820 1951 2912 2021 rei
2955 1951 3223 2045 alicujus
3269 1951 3351 2024 ad
3408 1952 3603 2025 aliam
3641 1956 3814 2028 ratio

875 2045 1018 2122 five
1058 2054 1399 2146 proportio
1420 2104 1446 2141 ,
1498 2054 1587 2124 ita
1635 2051 1825 2123 latius
1871 2053 2317 2148 proportionis
2366 2048 2695 2126 vocabulo
2734 2069 3001 2143 accepto
3020 2101 3044 2136 ,
3088 2055 3292 2144 quam
3344 2053 3549 2145 vulgo
3596 2053 3842 2141 Arith„

879 2151 1102 2224 metici
1147 2150 1375 2231 solent.
1514 2148 1613 2223 Ut
1672 2169 1894 2224 autem
1961 2153 2290 2247 quantitas
2346 2147 2742 2224 extenfionis
2802 2149 3197 2242 magnitudo
3251 2199 3275 2235 ,
3327 2149 3420 2221 ita
3476 2155 3807 2244 quantitas

877 2246 1238 2321 durationis
1306 2252 1607 2342 Tempus
1662 2249 1919 2323 dicitur.
2034 2249 2574 2346 Magnitudinem
2630 2251 2805 2320 enim
2864 2251 2958 2318 rei
3022 2244 3374 2319 definimus
3393 2299 3418 2335 ,
3486 2256 3805 2343 quaerenti
3902 2322 3907 2329 .

875 2366 1203 2440 quantum
1245 2374 1344 2421 res
1393 2352 1466 2421 in
1504 2348 1781 2442 longum
1833 2351 2051 2421 latum
2072 2398 2099 2438 ,
2146 2350 2267 2423 &c.
2329 2343 2430 2439 fitss
2458 2345 2779 2432 extensa5
2828 2346 3122 2458 Tempus
3167 2350 3541 2459 quaerenti,
3592 2366 3835 2447 quan-‘
3932 2446 3945 2459 ι

870 2462 1021 2520 tum
1063 2440 1413 2522 duraverit.

1063 2547 1158 2620 X.
1195 2549 1489 2643 Tempus
1533 2549 1978 2643 quantitatem
2020 2548 2382 2624 durationis
2425 2548 2637 2620 dicere
2680 2549 3007 2621 malumus
3040 2598 3062 2634 ,
3112 2547 3311 2641 quam
3360 2550 3798 2627 durationem.

865 2640 1035 2716 Non
1087 2648 1270 2719 enim
1324 2646 1415 2720 est
1455 2645 1591 2745 ipsa
1644 2649 1736 2720 rei
1765 2648 2103 2722 existentia
2145 2672 2534 2743 permanens
2555 2698 2578 2734 ,
2622 2646 2730 2720 sed
2747 2646 3104 2720 existentiae
3133 2652 3572 2739 permanentis
3602 2677 3799 2746 quan-

867 2742 1039 2829 titas.
1150 2747 1446 2820 Clarius:
1502 2749 1849 2844 Temporis
1914 2774 2081 2822 voce
2130 2746 2596 2845 respondemus
2657 2744 2797 2820 non
2840 2746 2924 2818 ad
2986 2743 3414 2842 quaestionem
3463 2800 3487 2837 ,
3552 2774 3640 2822 an
3700 2772 3797 2822 res

865 2834 1201 2914 duraverit
1234 2866 1350 2917 aut
1397 2848 1787 2939 quomod03
1832 2845 2260 2923 neceffarione
2311 2872 2396 2920 an
2439 2848 2892 2943 contingenter
2917 2851 2947 2930 ς’
2995 2845 3107 2918 sua
3154 2870 3238 2918 an
3272 2849 3481 2921 aliena
3529 2850 3793 2922 virtute:

866 2933 976 3008 sed
1028 2955 1289 3014 tantum
1327 2943 1412 3015 ad
1453 2945 1886 3037 quaestionem
1908 2996 1934 3031 ,
1987 2969 2320 3038 quantum
2387 2971 2488 3018 res
2558 2946 2892 3017 duraverit
2937 2972 2955 3014 ε
3016 2946 3198 3020 Sicut
3277 2949 3798 3040 magnitudinem

870 3036 967 3110 tei
1027 3032 1381 3111 definimus
1432 3059 1582 3113 tum
1637 3040 1913 3111 demum
1955 3092 1978 3127 ,
2024 3067 2179 3114 cum
2225 3044 2543 3134 quaeritur
2568 3091 2596 3128 ,
2652 3061 2981 3136 quantum
3024 3039 3106 3115 fit
3170 3045 3475 3129 extensa.§

1067 3135 1189 3209 XI.
1250 3136 1357 3210 Ex
1407 3137 1502 3210 his
1538 3135 1950 3231 perspicuum
1985 3138 2076 3211 est
2103 3190 2128 3227 ,
2175 3157 2437 3233 tempus
2483 3164 2706 3212 rerum
2731 3190 2758 3228 ,
2817 3137 3016 3235 atque
3065 3143 3232 3217 adeo
3283 3168 3645 3238 corporum
3688 3171 3799 3222 na·

870 3235 1185 3311 turalium
1206 3288 1229 3324 ,
1280 3262 1419 3310 non
1474 3234 1594 3311 effe
1648 3232 2066 3310 affetftionem
2116 3235 2484 3312 absolutam
2506 3287 2532 3326 ,
2587 3237 2695 3312 sed
2748 3240 3017 3312 relatam
3064 3261 3325 3316 tantum
3348 3292 3372 3330 ,
3404 3240 3571 3317 ficut
3600 3248 3797 3318 etiam

870 3337 1074 3409 locus.
1167 3335 1416 3432 ⁴Estque
1461 3333 1720 3432 (prout
1765 3336 1988 3410 saltem
2032 3343 2070 3410 a
2117 3339 2472 3411 duratione
2518 3338 2585 3410 ἃ
2634 3337 2968 3412 existentia
3023 3389 3048 3427 ,
3097 3342 3196 3415 uti
3260 3341 3504 3429 debet,
3566 3341 3791 3414 distin-

871 3432 1156 3526 guitur)
1217 3436 1576 3511 durationis
1622 3437 1873 3531 ignotae
1922 3462 2076 3511 cum
2143 3438 2283 3511 alia*
2328 3435 2574 3511 notiori
2642 3439 3007 3533 proportio.
3131 3442 3485 3529 Qaerenti
3549 3440 3728 3512 enim
3760 3489 3787 3528 ,

871 3531 1167 3623 quandiu
1212 3559 1328 3606 res·
1356 3536 1732 3624 duraverit,
1781 3538 1940 3629 quid
1983 3532 2562 3633 respondebimus,
2617 3537 2962 3611 duratione
3002 3562 3141 3611 non
3193 3535 3315 3611 nifi
3372 3542 3445 3611 in
3500 3536 3562 3611 se
3621 3535 3795 3633 spec-

869 3628 1059 3702 tata?
1111 3652 1182 3705 at
1246 3629 1296 3704 fi
1349 3659 1495 3707 eam
1538 3659 1689 3706 cum
1764 3636 1888 3706 alia
1942 3637 2236 3729 notiori»,
2313 3634 2502 3708 verbi
2568 3637 2775 3728 gratia
2830 3655 3057 3709 motus
3103 3635 3322 3711 solaris
3360 3688 3388 3724 ,
3456 3661 3791 3733 compara-

859 3752 1011 3800 mus
1036 3777 1060 3814 ,
1105 3753 1247 3802 rem
1305 3756 1369 3804 v.
1428 3758 1522 3826 gr.
1575 3755 1824 3802 annum
1867 3730 2116 3805 duraffe
2155 3734 2447 3805 dicemus
2477 3782 2503 3819 ,
2555 3732 2662 3803 vel
2709 3733 3058 3806 dimidium
3102 3738 3297 3820 anni,-
3352 3736 3419 3808 id
3462 3735 3596 3825 est,
3647 3756 3794 3809 tan-

851 3843 1005 3899 tum
1035 3876 1064 3912 ,
1111 3848 1437 3920 quantum
1479 3827 1644 3903 Solis
1687 3845 1910 3899 motus
1940 3832 2241 3922 proprius
2267 3880 2290 3914 ,
2352 3831 2459 3902 vel
2490 3833 2721 3902 ‘motus
2768 3831 3140 3905 dimidium.
3244 3839 3255 3845 “
3290 3839 3315 3858 Φ

1045 3925 1203 3996 ΧΠ.
1280 3924 1487 3998 Nunc
1542 3951 1675 4019 qua
1752 3925 2002 3997 ratione
2062 3926 2425 3998 durationis
2506 3930 2828 4019 quanti.as
2890 3926 3030 4004 five
3078 3952 3350 4029 tempus
3426 3931 3791 4009 innotescat

849 4019 1340 4115 dispiciendum.
1436 4023 1503 4095 Si
1548 4026 1773 4094 omnia
1843 4047 2119 4118 corpora
2170 4026 2240 4094 in
2293 4042 2611 4118 perpetua
2662 4030 2881 4123 quiete
2981 4029 3202 4105 forent
3263 4032 3296 4117 s
3338 4028 3429 4104 fic
3479 4033 3795 4128 supponi-

851 4145 1001 4193 mus
1025 4171 1049 4208 ,
1110 4118 1415 4214 quamvis
1457 4119 1664 4191 multa
1708 4145 1985 4214 corpora
2035 4147 2240 4216 eaque
2289 4142 2610 4218 perpetuo
2666 4126 3053 4221 quiescentia
3097 4126 3227 4203 fint
3268 4127 3581 4208 debs-an
3620 4131 3656 4222 )
3696 4132 3796 4204 es-

844 4218 940 4294 set
988 4218 1257 4316 quidem
1302 4216 1471 4291 inter
1510 4243 1732 4293 rerum
1776 4219 2151 4294 durationes
2191 4224 2572 4318 proportio,
2632 4226 2698 4298 id
2755 4224 2884 4316 est,
2904 4248 3200 4323 tempus,
3252 4227 3360 4299 sed
3402 4227 3596 4301 nobis
3650 4230 3794 4325 pla-

842 4345 927 4392 ne
961 4315 1391 4413 incognitum.
1455 4317 1582 4391 Fac
1637 4321 1851 4406 enim,
1916 4321 2143 4395 DBUM
2222 4320 2451 4395 creaffe
2524 4326 2593 4394 in
2656 4324 2972 4419 principio
3034 4352 3273 4423 corpus
3340 4323 3603 4420 aliquod
3660 4329 3795 4403 im.

843 4416 1093 4490 mobile
1119 4468 1142 4504 ,
1205 4413 1350 4510 post
1384 4416 1687 4491 addidifl'e
1736 4420 1890 4491 huic
1936 4419 2111 4492 aliud
2156 4444 2391 4514 corpus
2436 4422 2660 4493 itidem
2715 4421 3055 4497 immobile
3113 4474 3138 4512 ,
3198 4429 3289 4499 ita
3328 4444 3418 4496 ut
3462 4426 3790 4519 posterius

843 4518 977 4589 una
1031 4540 1183 4589 cum
1227 4514 1430 4609 priori
1470 4534 1734 4589 tantum
1776 4517 2112 4591 duraverit
2134 4567 2159 4604 ,
2222 4536 2549 4613 quantum
2594 4522 2769 4612 prius
2820 4519 3126 4594 seorsim:
3184 4521 3333 4596 efflet
3358 4524 3626 4617 quidem
3678 4528 3788 4599 in-

842 4631 944 4688 ter
999 4617 1115 4702 has
1152 4615 1317 4687 duas
1351 4613 1730 4690 durationes
1776 4617 1945 4688 ratio
1993 4617 2193 4711 dupla
2244 4644 2265 4688 ε
2327 4615 2439 4689 sed
2491 4614 2669 4711 finge
2722 4619 2893 4692 hanc
2949 4623 3276 4695 rationem
3319 4620 3445 4696 tibi
3490 4625 3787 4702 omnine)

843 4710 965 4791 effe
995 4716 1434 4814 incognitam5
1480 4713 1656 4793 unde
1718 4737 1867 4793 eam
1906 4716 2171 4812 colliges
2193 4763 2222 4805 ,
2273 4739 2632 4811 quamnam
2672 4716 3045 4792 mensuram
3097 4722 3368 4816 reperies
3401 4722 3437 4794 ἒ
