4188 5670
1237 335 1961 411 Enna-nmi-
2073 325 2292 407 Der.
2447 406 2454 413 ,
3105 344 3260 431 271¹

320 522 753 609 Israelitarum
800 506 1090 617 ipsoium
1136 517 1210 591 in
1249 515 1501 593 deserto
1520 534 1545 601 ‚‘
1592 513 1664 584 in
1718 528 1897 582 terra·
1943 501 2413 579 cabannis-sub
2466 504 2812 599 judicibus
2861 560 2884 597 ‚
2929 507 3052 585 sub
3104 512 3234 585 Re.

314 622 559 719 gssbus3
613 621 954 712 captivitas
1002 614 1441 708 Babylonica,
1475 608 1862 686 omnimoda
1909 604 2189 698 denique
2231 605 2428 697 hujus
2458 606 2688 698 populi
2725 609 3016 701 rejectim
3062 635 3253 702 prop·

313 743 416 795 ter
461 715 850 794 crucifixum
904 720 969 790 &
1013 718 1333 809 rejectum
1376 707 1712 787 ‘Meffiam
1793 704 2002 792 Quod
2060 703 2443 796 exemplum
2486 707 2606 774 irae
2674 707 2802 777 Dei
2853 706 3244 793 etiamnum,

314 822 387 893 in
447 817 696 890 miseris
764 813 1142 890 hominibus
1179 811 1566 907 conspicitur
1609 858 1634 895 ‚
1690 798 2061 878 extorribus
2111 826 2195 873 ex
2252 805 2502 895 patria,
2551 801 2809 874 nullum
2851 806 3251 893 Dominum,

314 918 579 1017 nullum
628 916 879 1010 Regem
906 965 930 1003 ‚
996 914 1250 986 nullum
1289 909 1738 1005 magistratum
1784 897 2178 976 habentibus
2200 950 2227 988 ‚
2285 896 2710 975 servientibus
2749 904 2850 995 iis,
2880 925 3050 1000 quos
3075 906 3251 978 Gen.

318 1041 425 1104 tes
481 1034 732 1091 vocant
777 1066 802 1103 ‚
856 1013 1202 1087 contemtis
1245 1014 1311 1084 &
1336 1006 1517 1106 quasi
1560 1006 1856 1100 stigmate
1901 1001 2121 1094 aliquo
2162 1003 2425 1073 notatis.

522 1161 931 1236 Monstretur
971 1161 1253 1256 populus
1296 1160 1490 1252 hujus
1538 1160 1945 1252 antiquitatis
1981 1158 2048 1230 in
2098 1160 2350 1235 mundo
2368 1186 2395 1242 3
2437 1160 2831 1234 monstretur
2880 1160 3160 1257 populus
3182 1185 3246 1231 a·

315 1262 424 1334 liis
481 1263 846 1357 permixtus
867 1311 891 1348 ‚
939 1258 1046 1333 sed
1087 1281 1310 1334 tamen
1344 1257 1431 1331 ab
1485 1258 1559 1330 iis
1607 1277 1925 1351 perpetuo
1963 1253 2268 1345 discretus
2302 1285 2321 1329 t
2375 1259 2782 1333 Monstretur
2818 1284 2959 1334 tam
3003 1260 3254 1331 diutur-

318 1385 496 1433 num
548 1361 778 1455 populi
837 1358 1104 1450 alicujus
1185 1358 1455 1430 exilium
1535 1358 1599 1428 δι
1658 1350 1999 1448 dispersio3
2046 1356 2335 1449 Populus
2382 1357 2535 1429 inde
2585 1361 2624 1428 a
2675 1358 3106 1454 septendecim
3168 1354 3259 1428 se-

321 1460 491 1531 culis
524 1456 775 1553 ubique
826 1454 1482 1551 serviensmuspuam
1523 1455 1910 1541 dominans,
1952 1451 2202 1546 ubique
2232 1472 2601 1528 contemtus
2631 1507 2654 1544 ,
2711 1481 3035 1551 nusquam
3078 1451 3256 1528 cons-

318 1559 576 1652 picuus.
654 1559 760 1630 An
817 1581 953 1628 non
1005 1551 1285 1649 quilibet
1323 1555 1582 1649 palpare
1616 1551 1876 1647 potest,
1922 1553 2099 1624 hunc
2150 1555 2472 1647 populum
2511 1577 2778 1651 propter
2828 1577 3148 1650 magnum
3195 1578 3261 1625 a·

318 1656 552 1749 liquod
590 1653 789 1728 scelus
812 1656 1221 1728 commissum
1242 1706 1268 1742 ,
1305 1654 1343 1724 a
1390 1653 1541 1724 Deo
1577 1652 1883 1745 peculiari
1916 1651 2171 1725 ratione
2220 1654 2436 1749 puniri
2483 1704 2508 1740 ‚
2560 1672 2763 1749 prout
2801 1674 2952 1727 ante
3003 1677 3146 1749 prae
3196 1675 3263 1723 a·

321 1751 423 1826 liis
467 1751 777 1828 omnibus
808 1753 1065 1847 populis
1107 1758 1146 1823 a
1186 1756 1337 1826 Deo
1393 1748 1524 1823 fuit
1567 1768 1840 1822 amatus.

526 1913 654 1986 Sed
693 1930 902 1998 ‚tanto
934 1933 1041 1981 ma
1093 1906 1143 1975 's
1193 1898 1739 1976 confirmabimur
1780 1954 1804 1990 ‚
1857 1902 2282 1979 Providentia
2340 1896 2654 1979 Numinis
2719 1909 2941 1981 omnia
3011 1906 3146 2003 geri
3197 1908 3263 1978 &

324 2004 686 2104 gubernari
719 2061 743 2097 ‚
801 2005 851 2080 si
901 2032 1025 2079 con
1057 2006 1421 2088 1deramus,
1478 2027 1555 2074 ea
1592 2003 1922 2096 praecipue
1969 2000 2238 2101 peccata
2281 2007 2563 2099 graviter
2589 2009 2848 2100 puniri,
2882 2032 3035 2102 quae
3061 2028 3265 2100 quam

324 2109 625 2181 maxime
667 2107 817 2179 sunt
893 2122 1121 2178 eontra
1165 2100 1476 2172 Numinis
1564 2101 2030 2175 Reverentiam
2081 2154 2105 2189 ‚
2155 2125 2232 2176 ut
2289 2101 2439 2177 sunt
2504 2105 2872 2179 idololatria
2905 2157 2931 2194 ,
2977 2103 3269 2198 blasphe-
3367 2177 3372 2183 ,

324 2206 533 2293 miae,
576 2207 909 2301 perjuria,
969 2199 1312 2293 sacrilegia.
1390 2198 1720 2296 Exempla
1782 2200 1850 2270 in
1900 2202 1963 2274 S.
2019 2202 2216 2275 literis
2266 2201 2583 2277 habemus
2634 2200 2908 2300 insignia
2931 2255 2955 2292 ‚
3013 2205 3079 2277 in
3115 2203 3274 2274 Pha-

324 2328 511 2378 raone
533 2356 557 2392 ,
599 2300 1032 2380 Sennacheribo
1057 2350 1081 2386 ‚
1126 2295 1690 2384 Nebucadnezare,
1743 2298 2096 2390 Balthasaro
2136 2352 2161 2388 ‚
2215 2302 2510 2379 Antiocho
2538 2354 2563 2390 ‚
2619 2303 2882 2378 Herode.
3024 2302 3265 2395 Neque
3309 2295 3344 2370 J
3346 2293 3640 2364 vstianb.

326 2401 465 2475 fine
513 2405 738 2475 divina
778 2395 1195 2495 permistione
1254 2392 1503 2466 factum
1557 2396 1651 2468 est
1703 2446 1728 2482 ‚
1781 2400 1961 2490 quod
2011 2401 2077 2471 ἃ
2126 2398 2437 2473 falsorum
2479 2401 2783 2476 Deorum
2829 2414 3268 2473 contemtores
3310 2380 3379 2444 ῙῙ·
3410 2397 3639 2463 ‘Rp-1²·

327 2499 705 2596 gravissime
757 2499 1025 2572 fuerunt
1067 2494 1280 2590 puniti
1297 2522 1322 2577 ‚-
1373 2512 1451 2565 ut
1501 2495 1787 2567 historiae
1832 2496 2124 2569 referunt
2168 2499 2250 2572 de
2289 2505 2501 2571 Xerxe
2536 2500 2767 2575 fanum
2809 2500 3099 2592 Apollinis
3119 2498 3270 2571 Del-

319 2601 488 2695 phici
533 2599 808 2694 spoliare
849 2597 1114 2668 volente
1149 2643 1172 2680 ‚
1205 2594 1272 2663 δι
1327 2593 1516 2683 Appio
1559 2593 1823 2665 Claudio
1877 2616 2144 2688 propter
2195 2616 2606 2673 contemtum
2661 2599 3018 2693 Religionis
3071 2597 3273 2671 oculis

328 2695 579 2771 orbato
606 2749 628 2785 ‚
667 2698 750 2767 de
796 2693 1014 2792 Pyrrho
1056 2697 1442 2782 Epirotarum
1478 2690 1661 2784 Rege
1712 2691 1980 2784 aliisque
2033 2693 2347 2785 plurimis.

574 2847 812 2929 Fateor
850 2843 1118 2938 quidem
1171 2865 1316 2913 non
1370 2837 1490 2913 effe
1532 2841 2030 2915 existimandum
2057 2844 2112 2933 '‚
2170 2847 2534 2921 vindictam
2580 2849 2749 2922 hanc
2812 2849 2909 2921 his
2965 2844 3271 2928 falsorum
3375 2907 3380 2916 .

327 2950 639 3022 Deorum
697 2938 1221 3016 contemtoribus
1255 2938 1650 3012 'immediate
1713 2943 1750 3012 ὲ
1796 2951 1956 3014 vero
1999 2945 2150 3017 Deo
2203 2944 2386 3020 fuiffi:
2431 2944 2774 3020 immistam
2805 2998 2829 3034 ,
2872 2943 2977 3019 sed
3030 2950 3067 3020 a
3112 2949 3270 3021 Dae-

331 3045 648 3121 monibus
698 3041 1054 3115 divinitatis
1091 3036 1407 3116 aemulis3
1453 3039 1568 3130 qui
1595 3086 1618 3123 ‚
1670 3055 1747 3110 ut
1785 3040 1901 3118 Dii
1970 3041 2373 3122 haberentur
2434 3049 2502 3120 80
2546 3031 2804 3120 divino&
2849 3046 3130 3120 honores
3185 3044 3272 3118 ab

333 3140 718 3220 hominibus
784 3157 1293 3231 extorquerent,
1349 3138 1489 3207 veri
1539 3136 1667 3208 Dei
1747 3137 2034 3220 instituta
2099 3145 2164 3214 &
2221 3169 2437 3224 mores
2506 3147 2722 3228 conati
2784 3147 2932 3218 sunt
3003 3145 3267 3216 imitari.

338 3245 466 3333 Sed
508 3237 937 3338 permittebat
990 3238 1134 3308 hacc
1183 3259 1378 3306 verus
1406 3235 1590 3305 Deus
1640 3259 1774 3308 non
1817 3234 1950 3310 sine
1998 3238 2252 3328 caussa,
2302 3264 2452 3317 tum
2508 3263 2774 3338 propter
2817 3243 2942 3320 alia
3000 3241 3271 3313 istorum

337 3344 692 3416 hominum
742 3337 1009 3421 scelera,
1058 3356 1212 3426 quae
1256 3333 1675 3423 tyrannidem
1718 3334 2130 3409 Daemonum
2159 3338 2627 3422 merebantur3
2663 3364 2812 3413 tum
2857 3340 3008 3433 quia
3038 3341 3107 3410 in
3133 3334 3275 3414 {hu-

318 3441 631 3538 ‘jmmodi
694 3432 1095 3511 facinoribus
1143 3430 1402 3503 Ethnici
1437 3430 1543 3500 vel
1607 3430 1962 3521 peccabant
2005 3453 2233 3514 contra
2280 3437 2737 3516 conscientiam
2765 3487 2788 3523 ‚
2852 3438 3002 3531 quia
3053 3435 3173 3507 illis
3219 3438 3270 3509 i·

334 3536 517 3616 nesse
573 3537 815 3630 aliquid
865 3530 1226 3608 divinitatis
1280 3523 1630 3599 credebant
1671 3555 1696 3609 3
1745 3532 1848 3600 vel
1907 3533 2059 3624 quia
2116 3553 2253 3603 non
2329 3531 2542 3608 solum
2613 3532 2925 3606 falsorum
2992 3529 3264 3614 istorum

336 3640 767 3719 Nummum,
808 3629 913 3704 sed
953 3626 1250 3703 absolute
1302 3626 1522 3714 omnis
1565 3625 1878 3698 Numinis
1923 3632 1988 3710 Bc
2031 3629 2388 3704 divinitatis
2431 3649 2839 3705 contemtum
2864 3679 2881 3711 ‚
2924 3628 3144 3706 fiarore
3189 3632 3263 3705 is-

338 3759 420 3812 to
479 3732 870 3830 prodebant.
972 3731 1145 3801 Cum
1189 3726 1367 3798 enim
1425 3748 1660 3800 verum
1687 3725 1912 3797 Deum
1961 3728 2263 3802 omnium
2298 3731 2706 3803 conditorem
2757 3733 3162 3826 ignorarent3
3193 3736 3259 3808 δε

343 3837 619 3911 rationis
665 3834 807 3903 luce
846 3825 1306 3921 cognoscerent
1333 3874 1357 3910 ‚
1401 3824 1696 3916 vulgaria
1754 3825 1859 3896 illa
1916 3828 2238 3915 numina,
2283 3855 2435 3925 quae
2475 3832 2513 3900 a
2558 3827 2751 3923 plebe
2805 3829 3188 3906 colebantur
3233 3883 3258 3919 ‚

345 3958 524 4008 vana
567 3929 725 4011 effes
774 3921 957 4000 facile
986 3927 1055 3996 in
1104 3946 1250 3995 eam
1295 3920 1683 3994 sententiam
1735 3924 2274 4013 adducebantur,
2317 3952 2394 4002 ut
2429 3929 2805 4019 crederent,
2864 3930 3121 4003 nullum
3172 3927 3264 4002 es-

347 4033 412 4108 se
447 4032 724 4105 omnino
771 4028 1044 4101 Numen
1072 4072 1096 4110 ‚
1153 4044 1285 4113 quo
1328 4019 1669 4134 hiemi-bis
1708 4045 2074 4118 regeretur;
2124 4024 2230 4096 sed
2284 4029 2505 4104 omnia
2551 4020 2654 4100 vel
2714 4026 2890 4118 fatali
2938 4025 3267 4102 necestita-

349 4153 420 4205 te
453 4132 556 4204 vel
602 4128 966 4208 temeritate
1003 4121 1293 4195 fortunae
1338 4142 1492 4210 gen.
1582 4121 1736 4212 Qa
1811 4125 2064 4214 ratione
2118 4126 2199 4195 de
2245 4129 2570 4200 hodiernis
2614 4128 2956 4220 Sinenfibus
2998 4129 3259 4208 dicitur,

351 4232 534 4327 quod
577 4227 760 4323 plebs
808 4224 1072 4319 quidem
1102 4222 1270 4292 inter
1319 4240 1432 4295 eos
1465 4216 1808 4309 multiplici
1836 4222 2244 4320 ‘idololatriac
2302 4227 2519 4301 dedita
2577 4222 2657 4298 sit
2693 4276 2717 4312 ,
2783 4225 2890 4300 sed
2942 4228 3267 4299 doctiores

355 4331 644 4423 plerique
690 4321 814 4396 fint
865 4321 1083 4405 athei,
1138 4319 1203 4389 &
1250 4314 1473 4386 omnis
1509 4315 1824 4388 Numinis
1874 4336 2311 4397 contemtores
2344 4379 2368 4416 ‚
2431 4345 2547 4423 aut
2579 4321 2804 4395 saltem
2863 4323 2946 4395 de
2999 4328 3266 4417 negotio

346 4428 716 4501 divinitatis
761 4420 1123 4494 admodum
1173 4416 1401 4487 animo
1464 4411 1804 4490 fluctuent.

548 4568 773 4644 Lubet
838 4567 941 4637 hic
990 4557 1491 4658 elegantiffimos
1564 4561 1790 4636 versus
1867 4564 2141 4659 adjicere
2163 4618 2186 4655 ,
2248 4566 2491 4662 quibus
2532 4563 2916 4640 Claudianus
2962 4559 3146 4632 suam
3218 4566 3289 4636 in

352 4676 644 4772 ‘Rufinum
679 4665 1075 4742 invetflivam
1131 4659 1421 4740 orditur:

2086 4761 2180 4837 M·
2220 4787 2291 4836 m
2356 4781 2402 4840 2
2489 4801 2502 4810 ·
2581 4787 2592 4798 “
2731 4795 2742 4802 -
2811 4771 2816 4774 ’
3141 4757 3317 4847 Sapo
