4188 5670
923 297 1065 374 134
1830 267 1973 342 De
2061 261 2524 342 quu's
2614 266 3018 376 Mutum

912 468 1187 554 xiflems
1227 473 1415 567 plura
1461 470 1790 543 dicturum
1832 463 2284 562 interpellabat
2322 461 2681 553 Daedalus,
2708 469 2776 540 δε
2797 517 2823 553 ,
2851 467 3101 539 mirum
3125 514 3150 551 ,
3201 470 3297 544 ait
3322 459 3376 558 ‚⁶
3397 470 3471 542 ni
3505 468 3713 544 isthuc
3737 496 3850 545 ve-
3958 489 3973 506 ‘

911 568 1114 645 niffes.
1189 573 1319 645 Hic
1365 574 1542 643 enim
1603 570 1971 641 communis
2011 565 2146 639 fere
2197 564 2495 659 scopulus
2524 563 2645 640 effe
2681 564 2880 651 solet,
2925 566 3005 638 ad
3060 587 3260 658 quem
3311 593 3549 641 omnes
3572 571 3851 643 allidun-

909 692 1063 758 tur,
1094 675 1207 765 qui
1260 672 1296 741 ὲ
1346 669 1769 764 Peripatetica
1790 665 2193 760 Philosophia
2227 689 2446 742 recens
2502 664 2587 742 ad
2625 690 2748 737 nos
2785 665 3135 756 trajiciunt.
3217 668 3344 742 Sed
3384 689 3461 750 tu
3500 668 3655 758 vide
3685 720 3710 757 ,
3772 696 3850 759 ne

908 768 1261 842 immatura
1293 768 1583 842 infantiae
1628 767 1866 858 judicia
1890 817 1918 853 0
1954 765 2255 838 nondum
2299 765 2557 858 penitus
2604 785 2804 837 exuta
2828 814 2853 851 ‚
2896 762 3184 856 tibiipro
3227 768 3481 838 ratione
3528 766 3842 841 illudant:

909 872 975 940 &
1027 867 1079 941 fi
1114 895 1257 941 mea
1305 893 1540 962 parum
1589 867 1760 961 apud
1808 888 1873 938 te
1913 865 2089 937 valet
2139 865 2530 949 auctoritas,
2592 866 2744 936 audi
2824 863 3213 936 Ciceronem
3255 914 3281 950 ,
3340 866 3597 937 delicias
3646 889 3843 953 tuas,

898 968 993 1059 *de
1029 967 1395 1061 praejudiciis
1425 968 1553 1040 istis
1585 965 1867 1062 graviter
1898 959 2301 1036 differentem
2336 991 2357 1032 .-
2412 964 2672 1036 Plurimi
2688 1014 2711 1048 ‚
2757 966 2848 1034 ait
2870 962 2975 1033 ille
2996 1013 3021 1047 ‚
3065 980 3208 1040 ante
3227 980 3511 1034 tenentur
3533 965 3808 1056 affin-12³²}
3817 1017 3842 1051 2

856 1149 861 1153 ⁴
918 1092 1110 1165 quam
1133 1067 1292 1167 quid
1340 1064 1477 1160 effit
1513 1074 1805 1158 optimum
1822 1061 2108 1150 judicare
2152 1078 2527 1153 potuerunt:
2573 1061 2786 1132 deinde
2827 1059 3221 1154 infimtffi'mo
3256 1080 3542 1153 ·tempore
3593 1073 3801 1137 atatis
3821 1111 3843 1145 ,

918 1184 1036 1237 aut
1078 1167 1342 1258 obsecuti
1380 1173 1570 1237 amico
1608 1164 1853 1236 cuidam
1870 1213 1895 1249 ,
1939 1179 2058 1232 aut
2107 1184 2237 1232 una
2277 1162 2541 1249 alicujus
2556 1209 2581 1250 ,
2626 1185 2808 1259 quem
2846 1166 3114 1250 primum
3141 1157 3478 1248 audierunt
3500 1211 3523 1245 ,
3576 1168 3843 1237 oratione

918 1272 1127 1356 capti,
1166 1267 1241 1338 de
1295 1265 1474 1337 rebus
1517 1268 1826 1357 incognitis
1878 1257 2160 1344 judicant
2180 1308 2204 1344 ,
2253 1256 2343 1343 ἓξ
2390 1259 2479 1330 ad
2523 1282 2830 1358 quamcun
2870 1283 2948 1327 ue
2988 1255 3145 1347 sunt
3199 1255 3575 1350 disciplinam
3601 1311 3627 1349 ,
3666 1261 3845 1362 quast

913 1368 1249 1457 tempestate
1267 1411 1292 1450 ,
1346 1361 1581 1449 delati,
1628 1362 1715 1432 ad
1740 1384 1872 1432 eam
1910 1376 2211 1456 tanquam
2237 1357 2325 1432 ad
2324 1355 2562 1446 saxum
2583 1284 3009 1447 adhaerescunt.

915 1603 924 1608 ‚
1092 1519 1182 1590 At
1232 1540 1355 1611 ego
1385 1566 1410 1603 ,
1463 1539 1732 1599 vereor,
1789 1516 2064 1608 inquam
2094 1561 2121 1601 ,
2184 1540 2267 1587 ne
2320 1512 2489 1598 istud
2535 1512 2659 1587 tibi
2715 1517 2937 1609 potius
2987 1515 3197 1587 occini
3241 1511 3439 1608 pofiit
3462 1543 3485 1587 ε
3527 1535 3604 1588 tu
3657 1515 3840 1590 vide·

895 1613 983 1690 tis
1001 1666 1025 1703 ‚
1064 1642 1176 1691 eos
1223 1641 1306 1688 ne
1351 1615 1618 1688 imiteris
1631 1664 1654 1700 ,
1705 1619 1819 1711 qui
1847 1611 2122 1687 omnibus
2150 1614 2331 1686 rebus
2355 1613 2587 1685 auditis
2607 1665 2631 1700 ,
2687 1623 2936 1711 cognitis
2975 1620 3161 1687 etiam
3210 1616 3583 1714 reliquorum
3592 1615 3837 1705 senten-

893 1720 1003 1787 tiis
1023 1765 1048 1802 ,
1086 1711 1378 1803 judicant
1393 1744 1419 1799 ,-
1457 1738 1542 1787 an
1567 1736 1727 1789 vero
1754 1736 1985 1784 eorum
2018 1736 2372 1785 numerum
2396 1737 2628 1811 augeas
2649 1764 2672 1799 ,
2704 1721 2819 1813 qui
2831 1711 3099 1803 resbmel
3122 1712 3343 1784 audita
3367 1714 3456 1786 ad
3473 1722 3663 1786 unius
3686 1738 3839 1786 auc-

890 1821 1203 1889 toritatem
1211 1812 1283 1904 fi:
1307 1815 1654 1908 conferunt.-
1711 1833 1786 1883 ut
1807 1814 1984 1884 reue
2007 1836 2123 1883 eos
2165 1811 2531 1908 distinguit,
2582 1837 2779 1906 quem
2837 1811 3033 1883 mihi·
3065 1809 3337 1904 objicis,
3386 1814 3489 1886 M.
3544 1814 3827 1884 Tullius.
3881 1814 3904 1833 ²

889 1911 1050 1986 Hoc
1091 1913 1358 2007 quidem
1389 1935 1585 1986 tuum
1637 1910 1718 1984 de
1774 1935 1881 1981 me
1933 1911 2254 2003 judicium
2283 1935 2519 2005 parum
2557 1913 2845 2005 aequum}
2871 1909 3006 1996 est,
3051 1911 3190 1982 imo
3238 1935 3475 2003 parum
3506 1909 3830 2002 Cartefia-

889 2036 1056 2104 num
1087 2039 1105 2082 ε
1155 2012 1543 2084 medicinam
1566 2010 1744 2080 enim
1773 2029 1850 2081 tu
1893 2005 2098 2081 facere
2120 2035 2304 2104 paras
2325 2062 2350 2098 ‚
2386 2031 2744 2103 antequam
2784 2009 2866 2081 de
2906 2006 3147 2080 morbo
3191 2032 3343 2096 meo
3372 2009 3494 2082 tibi
3526 1997 3777 2084 cdnstet
3800 2037 3823 2079 ε

886 2109 1180 2182 incautas
1221 2107 1514 2182 infantiae
1548 2110 1884 2201 opiniones
1935 2108 2127 2180 nimis
2164 2105 2384 2186 facile,
2435 2111 2501 2179 &
2526 2107 2617 2180 ob
2662 2104 3050 2192 leviffimas,
3099 2126 3175 2178 ut
3198 2107 3555 2200 plurimum
3581 2161 3604 2195 ‚
3647 2108 3823 2184 mus-

886 2183 982 2277 sas
1006 2203 1359 2301 susceptas,
1401 2233 1507 2279 me
1549 2231 1701 2279 cum
1747 2203 2026 2277 nucibus
2069 2208 2370 2279 nondum
2416 2204 2763 2300 deposuiffe
2785 2205 3077 2298 judicas,
3119 2224 3316 2299 atque
3366 2206 3465 2278 isti
3513 2210 3688 2281 malo
3718 2208 3820 2280 ist-

887 2306 1022 2378 hoo
1060 2305 1394 2379 Ciceronis
1429 2306 1606 2377 dicto
1643 2306 1888 2375 mederi
1928 2305 2028 2376 vis
2078 2329 2098 2381 3
2160 2329 2365 2396 quem
2410 2304 2641 2395 quanti
2697 2304 2975 2390 faciam,
3034 2322 3112 2376 tu
3161 2329 3299 2377 non
3351 2307 3630 2401 ignoras.
3730 2309 3821 2379 At

883 2401 1159 2478 decebat
1191 2429 1425 2479 verum
1455 2398 1726 2477 Cartefii
1767 2400 2150 2495 discipulum
2177 2398 2597 2473 affenfionem
2626 2403 2932 2496 tantisper
2956 2401 3259 2474 sustinere
3288 2456 3311 2491 ,
3367 2407 3578 2477 donec
3626 2425 3816 2499 argu-

877 2505 1119 2578 mentis
1145 2505 1304 2579 meis
1326 2503 1486 2577 serio
1511 2501 1881 2600 ponderatis
1904 2550 1928 2586 ,
1982 2525 2214 2575 eorum
2239 2496 2375 2574 five
2411 2497 2619 2575 robur
2666 2498 2800 2574 five
2853 2497 3307 2576 infirmitatem
3358 2506 3555 2592 clare,
3619 2523 3694 2577 ut
3718 2506 3817 2576 lo-

878 2599 989 2696 qui
997 2605 1157 2678 mini
1182 2660 1207 2697 ,
1259 2602 1350 2693 &²
1384 2602 1650 2704 dssinft‘e
1667 2596 2016 2696 perceptffit,

1072 2759 1197 2831 Sed
1243 2758 1411 2833 bene
1455 2762 1548 2833 est
1571 2813 1596 2848 ‚
1647 2761 1830 2854 quod
1873 2781 2113 2852 parum
2146 2757 2185 2826 a
2216 2782 2324 2831 me
2363 2754 2785 2854 exspectatis,
2820 2781 2901 2828 eo
2931 2757 3108 2828 enim
3140 2751 3388 2842 facilius
3421 2757 3546 2853 spei
3572 2758 3803 2834 vestrae

879 2850 1282 2927 satisfaciam.
1346 2860 1425 2933 Id
1471 2860 1683 2930 solum
1726 2879 1795 2930 te
1834 2883 2052 2943 nunc,
2105 2856 2529 2948 Polymathes
2550 2910 2575 2946 ‚
2615 2885 2779 2944 or0,
2822 2857 2899 2928 ut
2933 2852 3203 2929 Cartefii
3240 2861 3309 2929 &
3346 2884 3579 2931 eorum
3610 2911 3632 2947 ‚
3688 2864 3811 2954 qui

878 2974 1037 3023 eum
1077 2951 1277 3026 secuti
1299 2954 1448 3027 sunt
1468 3006 1492 3043 ,
1532 2957 1614 3028 de
1653 2954 1976 3027 infinitate
2021 2955 2254 3024 mundi
2286 2955 2672 3030 sententiam
2700 2955 2984 3037 breviter
3007 3007 3031 3043 ‚
3081 2973 3155 3025 ut
3200 2954 3398 3043 soles,
3440 2961 3507 3030 ἃ,
3528 2960 3804 3031 dilucide

880 3072 1208 3146 exponas,
1243 3077 1374 3141 ne,
1417 3056 1596 3147 quod
1642 3050 2033 3145 quibusdam
2082 3052 2366 3124 accidere
2409 3053 2604 3124 video
2632 3104 2655 3140 ‚
2708 3079 2831 3148 pro
2872 3055 3181 3147 opinione
3227 3055 3500 3128 Cartesii
3558 3060 3805 3153 p‘roprii

877 3148 1127 3224 cerebri
1186 3173 1559 3227 commenta
1585 3146 1873 3226 refellam
1891 3201 1915 3237 ‚
1943 3144 2178 3241 'fitque
2208 3172 2363 3239 cum
2410 3149 2655 3224 umbra
2687 3154 3043 3247 pugnando
3074 3149 3271 3225 risum
3306 3157 3608 3229 omnium
3638 3158 3807 3230 exci-

872 3266 1031 3322 tem.
1103 3252 1234 3325 Hic
1272 3253 1691 3347 Polymathes
1731 3249 2151 3345 posteaquam
2182 3249 2522 3344 aliquoties
2561 3251 2791 3323 frustra
2834 3250 3189 3324 Daedalum
3231 3250 3535 3347 rogaflet‚
3577 3275 3658 3328 ut
3682 3259 3803 3329 has

873 3347 978 3419 ille
1005 3358 1227 3444 partes
1273 3354 1601 3450 exciperet
1623 3404 1648 3441 ‚
1691 3353 1958 3426 tandem
2002 3347 2085 3420 ad
2133 3373 2243 3421 me
2286 3349 2623 3444 respiciens
2648 3348 2750 3422 'fic
2785 3349 3049 3438 exorsus
3095 3351 3221 3425 est:

1070 3505 1196 3578 Pol.
1258 3507 1582 3603 Principio
1626 3558 1650 3595 ,
1711 3533 1793 3580 ne
1848 3524 1922 3577 tu
1944 3557 1969 3593 ,
2019 3505 2400 3580 Philalethes
2436 3555 2461 3591 ‚
2507 3506 2864 3592 existimes,
2922 3529 3045 3577 nos
3104 3499 3513 3574 conditorem
3575 3522 3801 3572 rerum

773 3678 782 3683 ,
869 3600 1172 3675 omnium
1221 3630 1373 3678 cum
1427 3628 1620 3700 opere
1676 3603 1791 3675 suo
1844 3605 2242 3678 confundere
2266 3655 2289 3691 ‚
2344 3607 2641 3678 accurate
2696 3603 3150 3696 distinguimus
3211 3603 3380 3673 inter
3432 3603 3797 3696 &finitatem

858 3697 1227 3791 perfec‘h’onis
1258 3701 1348 3788 ἓξ
1373 3703 1736 3790 extensionis
1791 3730 1814 3785 ,-
1875 3725 2158 3792 quarum
2193 3704 2368 3774 illam
2408 3701 2524 3774 soh'
2561 3704 2683 3773 DE
2704 3723 2751 3773 ο
2808 3702 3215 3775 vindicamus
3242 3750 3264 3785 ‚
3321 3700 3491 3771 hanc
3541 3698 3797 3770 mundo

863 3819 1005 3867 non
1059 3819 1392 3893 negamus.
1476 3798 1813 3873 Mundum
1856 3818 2080 3868 tamen
2138 3797 2416 3873 infinitae
2478 3796 2868 3873 extenfionis
2909 3801 3117 3873 dicere
3176 3822 3314 3871 non
3379 3796 3790 3871 sustinemus.

864 3894 1128 3968 Etenim
1179 3923 1299 3989 pro
1352 3918 1529 3971 certo
1577 3891 1906 3969 affirmare
1944 3898 2279 3967 mundum
2326 3923 2552 3970 revera
2596 3896 2927 3971 infinitum
2989 3894 3109 3970 effe
3130 3946 3155 3984 ‚
3215 3921 3353 3969 non
3406 3896 3795 3972 auferimus.

865 3993 1065 4065 Forte
1123 3994 1356 4065 limites
1401 3996 1645 4078 habet,
1696 3992 1806 4065 sed
1852 3996 1970 4087 qui
2005 3997 2043 4064 a
2086 3993 2224 4068 solo
2273 3996 2467 4070 Deo
2514 4000 2615 4072 uti
2664 3994 2916 4071 definiri
2970 3998 3058 4069 ita
3094 3997 3291 4068 etiam
3338 3996 3593 4087 concipi
3644 3992 3796 4087 pos-

863 4088 1036 4164 sunt.
1104 4092 1495 4189 Indefinitum
1531 4117 1769 4166 vocare
1819 4096 2150 4167 malumus
2173 4125 2213 4178 ,·.
2249 4120 2385 4168 non
2446 4121 2527 4168 eo
2573 4119 2877 4182 tantum,
2930 4095 3111 4189 quod
3156 4095 3274 4188 qui
3321 4096 3385 4166 ἃ
3408 4089 3679 4174 ubifint
3709 4091 3798 4167 fi·
3852 4095 3857 4098 ’

859 4216 978 4263 nes
1027 4193 1296 4281 mundi,
1352 4214 1649 4268 accurate
1691 4193 1901 4264 dicere
1957 4217 2357 4289 nequeamus
2383 4246 2405 4281 ‚
2458 4197 2585 4268 hoc
2631 4198 2807 4271 enim
2850 4192 3057 4268 dubio
3113 4212 3291 4267 caret
3312 4220 3334 4273 3
3381 4191 3488 4265 sed
3543 4194 3730 4287 quod
3762 4243 3793 4282 ,

866 4287 985 4367 effe
1029 4295 1280 4385 aliquos
1334 4296 1565 4367 mundi
1601 4290 1810 4378 fines,
1873 4316 2087 4384 neque
2150 4293 2591 4368 demonstrare
2638 4320 2851 4391 neque
2892 4295 3166 4365 omnino
3208 4293 3569 4385 concipere
3582 4288 3796 4385 poffi-

862 4416 1033 4464 mus.
1109 4392 1254 4466 Fiat
1314 4397 1491 4467 enim
1554 4392 1965 4489 periculum3
2024 4396 2290 4488 concipe
2349 4391 2512 4465 fines
2556 4397 2784 4466 mundi
2804 4422 2830 4476 3
2887 4391 3219 4487 nusquam.
3261 4393 3599 4484 concipere
3658 4417 3792 4484 po-

861 4495 1014 4565 teris
1038 4545 1063 4581 ,
1116 4493 1276 4585 quin
1326 4492 1517 4565 fimul
1580 4512 1766 4566 extra
1819 4493 1940 4565 hos
1993 4490 2158 4565 fines
2195 4494 2473 4586 spatium
2532 4493 2931 4585 imagineris,
2989 4491 3171 4585 quod
3242 4491 3513 4562 nomine
3579 4511 3786 4563 tenus

847 4593 1119 4683 quidem
1162 4618 1451 4671 vacuum.
1503 4595 1569 4667 δι
1616 4591 1810 4691 nihil,
1860 4617 1930 4666 re
1980 4610 2203 4663 autem
2273 4613 2429 4665 vera
2476 4591 2814 4663 extensum
2874 4594 2940 4664 ὃς
2997 4615 3230 4683 corpus
3268 4587 3374 4660 est.
3460 4590 3668 4676 Quod
3725 4587 3785 4663 fi

859 4688 1095 4769 limita
1163 4695 1430 4773 ulterius
1496 4715 1892 4790 promovere
1957 4687 2143 4764 lubet
2195 4719 2224 4776 ‚-
2300 4690 2476 4763 idem
2526 4686 2650 4762 tibi
2722 4682 2970 4786 semper
3030 4691 3314 4763 'eveniet
3356 4710 3380 4768 3
3451 4691 3644 4859 plage
3702 4708 3790 4763 ut

3508 4812 3554 4859 u
3602 4813 3803 4863 xeun-
