4188 5670
1105 275 1167 354 E-
1224 296 1376 356 nu
1434 296 1560 356 ΒΞ
1618 272 1893 360 τοι·
1993 276 2274 356 {za-1⁵2
2353 278 2583 356 -.1-·X.
2770 361 2778 372 ‚
3139 306 3271 387 πῶς

368 458 737 536 Christiano
774 458 1066 556 dignius,
1115 460 1310 535 malle
1339 457 1595 534 credere
1617 506 1641 546 ,
1672 458 1873 541 alium
1911 460 1990 533 ·in
2030 483 2175 534 uno
2223 462 2289 538 δε
2356 459 2560 536 altero
2638 457 2856 532 minus
2897 478 3048 557 apte
3086 464 3283 549 ⁴locu-

362 581 506 633 tum
550 558 720 648 effe,
770 581 971 654 quam
1021 559 1207 632 illum
1269 561 1469 653 impie
1517 554 1799 636 senfiffe:
1840 557 2208 651 praesertim
2264 583 2419 631 cum
2507 558 2661 634 illud
2718 582 2838 629 nos
2893 562 2959 632 in
3007 563 3285 635 veritate
3341 642 3353 655 ,

359 661 646 733 maxime
693 655 1039 732 confirmet
1062 708 1087 746 ‚
1135 682 1290 731 cum
1337 660 1638 731 videmus
1675 659 1739 728 &
1791 679 1908 742 eos
1955 658 2069 752 qui
2108 659 2145 727 a
2192 655 2382 730 nobis
2426 654 2744 729 diffentire
2797 656 3147 747 videntur,
3205 662 3276 730 in

353 780 424 829 ea
478 757 927 852 amplectenda
947 807 969 843 ,
1021 754 1370 830 nobiscum
1406 753 1785 829 consentire.

567 954 704 1030 ·Sed
740 955 820 1027 ad
848 953 1027 1026 illam
1075 977 1339 1047 quoque
1382 950 1805 1046 quaestionem
1854 947 2044 1024 nobis
2085 949 2628 1045 'respondendum
2690 950 2803 1039 est,
2873 976 3027 1045 quae
3099 949 3271 1046 saepe
3311 962 3452 1024 rtem
3480 969 3561 1028 ad

347 1053 518 1129 inter
569 1053 857 1127 eruditos
905 1052 995 1124 est
1052 1054 1290 1145 agitata
1317 1095 1353 1140 f
1373 1052 1455 1123 de
1501 1058 1896 1143 imputatione
1936 1101 1959 1136 ‚
2014 1055 2114 1122 uti
2171 1052 2559 1144 »loquuntur
2595 1100 2618 1137 ,
2658 1051 2824 1141 confi
2861 1058 3213 1124 uentiarum
3238 1078 3268 1122 ·.·
3305 1047 3534 1145 alteram
3559 1071 3579 1107 τ

338 1150 613 1243 poffimtae
649 1178 723 1224 ne
775 1152 965 1223 alicui
1004 1151 1273 1224 tribuere
1315 1151 1680 1243 fintmtiasn
1694 1199 1715 1235 ‚
1780 1173 1967 1249 quam
2017 1174 2131 1221 non
2203 1149 2420 1238 diserte
2475 1148 2722 1246 quidem
2775 1078 3037 1247 ujquam
3098 1154 3269 1247 profi·
3305 1129 3372 1229 df
3394 1143 3639 1238 ‘’”W'f‘

346 1269 557 1337 tetur,
577 1290 582 1295 ·
588 1248 647 1341 s
633 1248 713 1322 ed
763 1275 908 1349 quae
938 1298 960 1335 ‚
980 1284 988 1293 ·
1011 1247 1326 1343 neccffitria
1359 1246 1767 1345 consequentia
1784 1297 1807 1334 ,
1842 1273 1919 1318 ex
1965 1248 2071 1319 illa
2094 1297 2119 1331 ,
2164 1274 2351 1346 quam
2388 1252 2729 1344 prqfitmtr,
2785 1246 3004 1322 deduci
3042 1249 3273 1342 potest?
3297 1226 3625 1369 ᾖζῗωῗζ

345 1347 491 1421 Deo
551 1347 813 1442 quidem
855 1349 924 1418 in
973 1344 1185 1419 verbo
1238 1345 1358 1421 suo
1404 1346 1702 1438 loquenti
1747 1348 1919 1421 redte
1966 1342 2316 1417 tribuimus
2365 1370 2504 1418 non
2576 1344 2641 1416 id
2694 1363 2955 1418 tantum
3003 1397 3026 1434 ‚
3092 1349 3273 1442 quod
3309 1388 3461 1432 mm,

345 1446 631 1518 totidem
679 1443 897 1519 verbis
945 1443 1100 1517 dicit
1141 1495 1166 1532 ,
1202 1442 1308 1518 sed
1384 1444 1694 1538 quicquid
1752 1439 2092 1515 necessario
2176 1469 2258 1514 ex
2322 1442 2553 1517 diserte
2628 1443 2814 1514 dietis
2860 1443 3005 1516 fluit
3050 1463 3070 1510 :
3119 1446 3279 1517 nibil

346 1546 528 1616 enim
575 1568 809 1617 eorum
871 1567 1005 1615 non
1053 1543 1296 1629 vidirrs
1315 1543 1428 1638 qui
1468 1542 1652 1613 videt
1721 1543 1964 1613 omnia.
2105 1540 2503 1614 Hominibus
2575 1564 2736 1613 vero
2784 1592 2808 1628 ,
2867 1568 3002 1635 quo
3074 1543 3280 1637 magis

346 1643 524 1715 acuti
575 1642 727 1715 sunt
771 1645 837 1715 &
876 1639 1262 1735 perspicaces
1292 1693 1320 1731 ,
1366 1661 1565 1734 atque
1618 1642 1685 1720 in
1706 1638 2184 1724 ‚ratiocinando
2223 1640 2591 1724 exercitati,
2645 1664 2725 1710 eo
2794 1643 2999 1734 magis
3046 1644 3119 1714 iis
3169 1645 3292 1714 im-

341 1742 566 1833 putari
607 1739 870 1834 potest,
918 1739 1101 1832 quod
1154 1764 1237 1810 ex
1295 1738 1587 1833 ipsorum
1644 1736 1960 1810 sententia
2013 1736 2447 1831 consequitur.
2567 1735 3057 1830 Perspicaciores
3121 1742 3296 1813 enim

342 1838 537 1930 plura
585 1856 863 1910 cernunt
909 1861 1067 1908 cum
1120 1835 1432 1909 sententia
1482 1835 1594 1907 sua
1639 1860 1933 1909 connexa
1960 1886 1982 1921 ‚
2028 1860 2227 1929 quam
2276 1835 2681 1931 stupidiores·
2766 1839 2908 1910 ‘Sed
2953 1841 3015 1910 &
3068 1836 3297 1911 acutis-

340 1931 683 2010 fimorum
729 1934 900 2028 saepe
942 1959 1081 2006 non
1139 1955 1377 2028 magna
1439 1932 1530 2006 est
1585 1934 1963 2028 perspicacia
2003 1960 2023 2013 3
2080 1953 2523 2030 praeterquam
2581 1935 2760 2028 quod
2816 1937 2881 2007 &
2943 1934 3053 2008 isti·
3089 1934 3297 2030 saepis-

343 2029 517 2104 fime
578 2056 731 2104 cum
811 2026 1155 2104 affefflbus
1222 2051 1365 2106 tum
1417 2034 1808 2128 praejudiciis
1884 2032 2328 2125 impediuntur
2372 2084 2395 2121 ‚
2445 2055 2524 2107 ut
2568 2057 2652 2104 ne
2752 2033 2972 2106 uidem
3018 2035 3299 2122 naturali

339 2131 597 2202 mentis
648 2131 783 2201 acie
807 2180 829 2215 ‚
881 2127 1028 2203 satis
1069 2131 1215 2205 alias
1243 2132 1310 2203 in
1339 2129 1652 2203 omnibus
1708 2129 2093 2204 hominibus
2134 2126 2394 2219 obtusa,
2453 2133 2551 2206 uti
2617 2059 2880 2226 possint.
3012 2134 3092 2205 In
3134 2130 3286 2227 ipsis

341 2252 630 2321 quoque
677 2225 1190 2320 consequentiis,
1239 2230 1321 2301 de
1378 2227 1573 2302 bonis
1633 2233 1698 2304 &
1752 2224 2103 2302 necessariis
2151 2229 2387 2322 loquor
2415 2282 2437 2317 ,
2486 2230 2634 2302 alife
2698 2228 2846 2302 sunt
2885 2232 3222 2325 propiores
3256 2281 3285 2319 ,

340 2326 494 2398 aliae
568 2325 1064 2419 longinquiores
1132 2330 1197 2401 ἃ
1292 2331 1682 2402 remotiores
1754 2325 1842 2400 ab
1906 2352 1985 2398 eo
2025 2376 2053 2414 ,
2109 2329 2288 2418 quod
2369 2326 2601 2401 diserte
2665 2327 2925 2414 dicitur,
2990 2329 3071 2401 ad
3124 2353 3289 2421 quas

344 2421 612 2494 nonnisi
669 2447 784 2516 per
848 2423 1005 2495 alias
1062 2424 1551 2519 consequentias
1564 2476 1590 2513 ‚
1645 2430 1709 2500 δι
1755 2448 2243 2518 nonnunquam
2296 2452 2410 2519 per
2448 2428 2714 2519 longam
2768 2450 2992 2498 earum
3065 2425 3292 2497 seriem

336 2524 740 2615 pervenitur.
855 2524 1017 2610 Qo
1067 2524 1403 2620 propiores
1457 2521 1608 2599 sunt
1633 2576 1658 2615 ‚
1702 2552 1783 2601 eo
1838 2520 2092 2609 facilius,
2118 2522 2155 2592 ὲ
2205 2522 2504 2617 quolibet
2573 2522 2781 2597 videri
2828 2519 3108 2617 poffunt.
3190 2600 3223 2609 ,,

507 2737 631 2811 His
683 2733 1106 2810 consideratis
1143 2785 1167 2821 ,
1223 2739 1314 2806 ita
1380 2732 1792 2828 propositam
1843 2735 2271 2832 quaestionem
2330 2736 2697 2811 solvimusz
2765 2736 3036 2811 Nemini
3081 2740 3291 2839 impu·
3333 2740 3558 2799 Nemini

348 2833 474 2905 tari
510 2834 752 2923 debet,
798 2835 984 2930 quod
1040 2859 1178 2905 non
1234 2832 1400 2904 dicit
1416 2861 1439 2913 3
1492 2859 1700 2906 nemo·
1750 2855 1976 2908 autem
2029 2837 2188 2909 dicit
2236 2839 2349 2926 id,
2386 2832 2565 2932 quod
2617 2859 2700 2904 ex
2760 2835 2976 2909 verbis
3037 2835 3159 2913 suis
3200 2840 3287 2915 se-
3333 2821 3653 2922 ‘'5²⁸stthssss

341 2932 459 3023 qui
517 2960 659 3008 non
717 2934 935 3007 videt:
981 2931 1162 3003 unde
1204 2925 1492 3005 efficitur
1572 2983 1597 3021 ,
1656 2935 1900 3006 nemini
1951 2933 2478 3030 consequentiam
2513 2983 2536 3020 ,
2570 2944 2577 2957 ¹
2608 2938 3028 3026 quantumvis
3075 2939 3281 3013 neces
3326 2916 3621 3044 {aaliz}

339 3026 627 3116 sariam,
667 3032 972 3124 imputari
1012 3027 1298 3115 debere,
1366 3055 1567 3122 quam
1610 3056 1748 3104 non
1808 3034 2006 3106 videt.
2105 3037 2231 3108 Cui
2276 3033 2670 3129 consequens
2716 3032 2830 3121 est,
2864 3030 3121 3107 nullum
3164 3034 3282 3107 effe
3323 3079 3493 3138 quam
3532 3085 3641 3126 non

341 3124 733 3212 homiuem>
773 3132 874 3200 cui
920 3129 1144 3201 omnia
1169 3178 1193 3214 ,
1246 3150 1402 3220 quae
1487 3129 1831 3204 neceffario
1900 3157 1981 3203 ex
2046 3133 2184 3221 ejus
2237 3134 2548 3208 sententia
2592 3129 3003 3204 deducuntur
3030 3181 3052 3218 ‚
3082 3130 3285 3204 tribui
3320 3143 3512 3209 vider.

336 3220 657 3316 poffint3
704 3250 897 3300 nemo
949 3229 1122 3299 enim
1176 3226 1524 3300 hominum
1579 3232 1803 3303 omnia
1852 3227 1961 3302 ista
2026 3232 2225 3303 videt.
3206 3230 3211 3235 ’

551 3405 919 3492 Sententia,
965 3428 1048 3477 ex
1095 3429 1227 3496 qua
1268 3400 1499 3477 falsum
1551 3402 1837 3499 sequitur
1862 3457 1885 3492 ‚
1968 3405 2121 3479 falsa
2177 3407 2442 3501 quidem
2486 3402 2575 3475 est
2622 3430 2640 3473 ε
2702 3400 2809 3475 sed
2848 3407 3279 3499 quemadmo-

328 3500 504 3575 dum
553 3507 667 3597 qui
724 3528 959 3576 verum
1016 3502 1223 3589 dicit,
1269 3527 1405 3574 non
1445 3527 1644 3575 omne
1695 3528 1931 3582 verum
1975 3502 2182 3590 dicit,
2238 3503 2416 3598 quod
2464 3526 2545 3573 ex
2578 3525 2694 3588 eo‚-
2734 3505 2912 3594 quod
2969 3504 3147 3594 dicit,
3187 3504 3279 3579 se-

321 3604 608 3693 quiunt,-
653 3603 965 3695 alioquin
1015 3604 1237 3677 omnia
1286 3604 1324 3671 a
1372 3602 1745 3674 Geometris
1797 3604 2071 3677 inventa
2121 3603 2561 3676 Theoremata
2608 3603 2671 3672 &
2712 3599 3128 3677 Problemata
3187 3605 3278 3679 illi

325 3699 834 3786 tribuerentur,
886 3704 999 3793 qui
1056 3702 1391 3773 axiomata
1435 3724 1666 3774 eorum
1703 3752 1727 3788 ‚
1780 3703 1845 3773 ἃ
1896 3700 2216 3795 postulata
2264 3699 2449 3773 sciret
2508 3726 2527 3768 ε
2588 3701 2681 3770 ita
2738 3702 2850 3791 qui
2884 3699 3132 3792 ‘falsum
3181 3703 3277 3775 di-

327 3799 421 3870 cit
445 3850 471 3885 ,
539 3824 679 3871 non
749 3822 949 3873 omne
1002 3793 1233 3869 falsum
1273 3796 1429 3871 dic'it
1450 3850 1474 3886 ‚
1527 3799 1712 3893 quod
1755 3824 1838 3872 ex
1885 3802 2051 3889 illo,
2106 3800 2287 3895 quod
2343 3799 2499 3871 dicit
2548 3849 2572 3883 ,
2634 3795 2974 3874 necessario
3020 3797 3285 3876 confici-

326 3912 463 3971 tur.

539 4093 606 4166 Si
636 4110 888 4167 certum
936 4093 1027 4168 est
1061 4146 1085 4183 ‚
1139 4094 1422 4189 aliquem
1478 4116 1613 4164 non
1670 4093 1936 4183 videre,
2000 4093 2182 4189 quod
2252 4120 2366 4192 per
2436 4093 2960 4191 consequentiam
3001 4124 3085 4173 ex
3140 4102 3280 4195 eius

339 4187 665 4264 sententia
719 4194 1016 4274 eruitur-3
1077 4218 1216 4266 non
1268 4188 1403 4263 sine
1452 4210 1673 4284 aperta
1724 4192 1961 4284 injuria
2023 4195 2090 4266 id
2151 4191 2269 4288 ipsi
2323 4195 2630 4287 imputari
2681 4195 2910 4288 potest.
3003 4199 3280 4273 Certum
3344 4224 3356 4235 ·

346 4307 572 4361 autem
619 4292 753 4364 hoc
817 4288 939 4364 effe
986 4291 1198 4385 potest
1241 4317 1259 4360 ε
1309 4310 1454 4362 tum
1499 4312 1581 4359 ex
1605 4287 1740 4374 aliis
1787 4290 2079 4381 ejusdem
2127 4290 2453 4369 sententiis
2486 4342 2510 4376 ,
2559 4317 2711 4383 quae
2751 4290 3106 4375 manifestae
3131 4297 3289 4369 huic

339 4407 468 4476 per
513 4386 1046 4483 consequentiam
1083 4389 1386 4464 dedud'tae
1439 4382 1856 4460 adversantur
1885 4438 1914 4475 ,
1966 4408 2114 4461 tum
2166 4414 2250 4461 ex
2309 4390 2519 4486 praxi,
2577 4413 2729 4467 cum
2790 4391 2935 4484 quis
2983 4390 3289 4469 videlicet

335 4488 382 4553 ἐι
423 4489 612 4577 praxi
659 4486 974 4565 abhorret
997 4538 1022 4575 ‚
1084 4513 1238 4583 quae
1290 4511 1373 4563 ex
1428 4483 1542 4559 sua
1579 4484 1883 4565 doctrina
1919 4484 2244 4583 sequitur.
3010 4516 3057 4553 ·.
3208 4580 3280 4657 Si
3355 4494 3379 4513 ⁴
