4188 5670
884 362 895 370 .
1018 276 1899 400 ,E--nunr'rossf,
1972 248 2253 350 Cir.
2367 285 2476 375 11,
3135 304 3230 399 ,ω

352 467 475 542 tim
520 458 619 533 est
641 509 667 547 ‚
718 452 835 552 qui
886 456 1125 531 metuit
1145 507 1169 539 ,
1218 483 1303 531 ne
1356 455 1528 533 forte
1566 453 1825 557 prorsus
1874 456 2150 551 Spiritus
2203 480 2569 559 negentur:
2630 495 2707 547 ac
2759 474 2897 567 jam
2939 477 3021 550 de
3080 480 3246 554 Sad-

352 560 711 642 duoeeismo
766 565 833 634 &
905 556 1237 633 Atheismo
1290 560 1536 653 cogitat
1586 588 1607 631 ε
1650 578 1784 651 μειιιιτ
1830 553 2055 636 saltem
2126 562 2376 636 nullam
2423 561 2765 659 spirituum
2827 576 2909 646 ad
2958 602 3236 672 corpora

350 665 741 742 relationem
801 660 991 733 statui
1035 677 1247 753 putat.
1336 657 1465 732 Sed
1507 657 1667 731 nihil
1698 656 1801 730 est
1827 708 1851 743 ,
1892 663 2074 749 quod
2133 683 2452 736 vereatur.
2554 668 2736 742 Alter
2806 676 2978 745 enim
3016 675 3084 746 in
3138 679 3233 751 10-

350 792 431 840 co
484 760 611 834 effe
658 761 817 832 dicit
868 757 984 830 ista
1034 778 1299 831 tantum
1331 807 1358 843 ‚
1415 781 1568 849 quae
1606 758 1884 830 eandem
1934 760 2020 832 ad
2045 782 2053 792 ·
2080 759 2303 832 locum
2334 813 2359 849 ‚
2420 784 2627 856 quam
2672 793 2948 863 corpora
2993 822 3017 858 ,
3073 777 3234 848 tela..

348 870 605 940 tionem
655 857 902 933 habent
923 907 948 943 ‚
1003 883 1160 952 quae
1211 854 1490 948 spatium
1549 856 1811 951 aliquod
1865 881 2191 953 occupant
2234 908 2260 946 ‚
2316 886 2602 954 quorum
2656 867 2829 940 aliud
2884 871 3095 965 tangit
3165 900 3234 947 a..

349 967 481 1038 liud
547 993 570 1032 .-
626 964 692 1035 &
746 983 901 1030 cum
965 958 1242 1050 Spiritus
1306 955 1472 1025 hanc
1539 954 1623 1025 ad
1690 980 1964 1048 corpora
2009 957 2391 1031 relationem
2454 961 2698 1037 habere
2753 989 2990 1061 negat,·
3035 992 3235 1068 negat

344 1068 415 1136 in
464 1065 618 1136 roco
677 1057 843 1138 estes
904 1059 972 1128 &
1029 1057 1183 1148 quia
1234 1051 1307 1122 τὸ
1369 1050 1671 1151 nusquam
1710 1053 1890 1126 idem
1936 1051 2297 1148 significare
2370 1061 2574 1135 credit
2627 1112 2651 1151 ,
2704 1065 2890 1159 quod
2932 1066 3114 1141 nullo
3163 1072 3235 1147 in

347 1163 546 1243 loco:
596 1161 800 1244 dicit,
872 1155 1147 1248 Spiritus
1195 1148 1519 1244 nusquam
1579 1146 1718 1223 effe.

545 1356 789 1450 Aliquis
854 1361 921 1428 D
936 1360 988 1424 E
1006 1358 1073 1423 U
1082 1355 1180 1423 Μ
1223 1347 1461 1437 nonnisi
1498 1371 1606 1441 per
1656 1358 2043 1441 operationem
2098 1360 2167 1427 in
2213 1355 2439 1430 mundo
2485 1358 2594 1451 eff}
2642 1361 2817 1438 dicit.
2935 1365 3243 1442 Protinus

346 1459 509 1531 alius
533 1510 555 1545 ,
611 1457 725 1550 qui
771 1450 1120 1545 aliquando
1180 1447 1434 1521 audivit
1497 1448 1840 1520 Vorstium
1891 1452 2220 1543 quendam
2267 1454 2584 1544 statuisse,
2639 1460 2707 1531 D
2729 1480 2835 1538 Eu
2857 1484 2921 1535 Μ
2994 1467 3064 1536 in
3114 1492 3246 1540 οω-

346 1556 412 1629 10
468 1556 609 1629 [010
654 1579 771 1648 per
820 1548 1148 1623 essentiam
1186 1599 1209 1635 ‚
1261 1548 1331 1618 in
1384 1546 1643 1640 reliquis
1695 1549 1851 1620 locis
1898 1573 2016 1642 per
2064 1552 2384 1624 virtutem
2443 1558 2507 1626 &
2560 1563 3011 1650 operationem
3077 1563 3242 1637 effes

340 1656 636 1748 quadam
686 1647 1052 1724 verborum
1105 1644 1525 1719 similitudine
1572 1645 1879 1738 deceptus
1898 1676 1926 1729 ,-
1981 1665 2121 1720 atat
2145 1699 2171 1736 ‚
2217 1651 2432 1743 inquit
2453 1702 2478 1737 ,
2524 1654 2631 1726 hic
2674 1657 2786 1731 illa
2825 1658 2925 1731 est
2972 1663 3241 1755 opinio:

340 1750 553 1848 fugite
606 1753 804 1824 hinc:
850 1751 919 1821 in
976 1749 1099 1818 hac
1148 1742 1350 1817 herba
1400 1745 1628 1839 anguis
1685 1744 1799 1816 iste
1854 1746 2032 1819 latet.
2148 1748 2380 1821 Vanus
2430 1777 2589 1824 vero
2631 1752 2747 1828 iste
2823 1758 2914 1829 est
2983 1780 3200 1833 metus
3223 1790 3253 1843 3

344 1853 529 1924 Cum
583 1852 763 1925 enim
802 1851 911 1929 ille
955 1846 1022 1918 D
1040 1865 1144 1917 Eu
1163 1865 1225 1917 Μ
1274 1841 1403 1915 sola
1466 1844 1847 1943 operatione
1892 1844 1962 1915 in
2018 1848 2274 1921 mundo
2330 1845 2449 1920 effe
2478 1851 2676 1939 dicit,
2728 1879 2868 1928 non
2922 1854 3253 1934 essentiam

339 1951 699 2022 excludere
746 1949 946 2025 vult3
985 1942 1395 2015 voluntatem
1440 1944 1619 2013 enim
1650 1992 1673 2026 ‚
1728 1967 1858 2035 qua
1901 1943 2149 2022 DBUs
2196 1948 2421 2020 omnia
2468 1971 2821 2042 operatur,
2873 1951 3252 2048 ipfiffimam

344 2050 496 2139 ejus
527 2045 854 2118 essentiam
899 2041 1015 2115 effe
1059 2036 1340 2131 agnoscit
1361 2091 1384 2125 ,
1422 2037 1528 2112 sed
1568 2034 1985 2115 diffufionem
2006 2098 2033 2136 ,
2063 2041 2530 2140 expansionem
2567 2052 3002 2145 corporalem,
3051 2078 3256 2146 quam

337 2143 481 2243 ipse
528 2145 638 2217 ille
684 2141 1195 2217 VorstiusDEo
1245 2136 1565 2215 attribuit.

539 2342 767 2437 Negat
814 2336 960 2434 quis
983 2334 1208 2423 fante
1254 2338 1570 2415 conditum
1615 2343 1937 2419 Mundum
1987 2350 2272 2420 DEUM
2280 2343 2474 2439 fusffi
2520 2346 2781 2446 usquam
2810 2394 2836 2433 ‚
2888 2365 3004 2421 aut
3059 2349 3253 2419 hodie

342 2461 522 2514 extra
579 2441 884 2512 mundum
934 2436 1059 2528 effe,
1158 2438 1401 2512 Credet
1451 2441 1614 2512 alius
1654 2492 1678 2527 ‚
1744 2446 2011 2538 negari,
2062 2444 2332 2519 DEUM
2400 2460 2552 2516 ante
2626 2445 2958 2517 mundum
3018 2443 3200 2516 fuiffe
3224 2492 3252 2532 s

344 2563 460 2612 aut
512 2538 692 2611 fuisse
751 2535 1135 2611 infinitum:
1184 2557 1302 2609 aut
1342 2539 1540 2611 hodie
1587 2542 1807 2633 negari
1849 2544 2005 2635 ejus
2057 2537 2584 2615 immensitatem.
2674 2544 2792 2615 At.
2828 2542 2934 2612 ille
2981 2541 3141 2611 nihil
3194 2566 3259 2614 a-

348 2638 480 2709 liud
530 2640 743 2710 dicere
798 2637 947 2711 vult
971 2687 997 2722 ,
1058 2659 1259 2729 quam
1286 2685 1310 2720 ‚
1373 2653 1526 2708 ante
1572 2638 1903 2712 mundum
1957 2640 2303 2711 conditum
2355 2689 2382 2725 ‚
2439 2662 2597 2711 cum
2648 2639 2829 2709 nulla
2893 2661 2994 2709 res
3059 2636 3259 2713 suerit

488 2758 585 2808 ter
644 2737 912 2811 Dssmu
939 2783 961 2819 ,
1006 2757 1220 2824 neque
1277 2734 1473 2803 hodie
1524 2736 1658 2805 ulla
1703 2759 1804 2803 res
1846 2752 2035 2807 extra
2088 2736 2421 2804 mundum
2463 2732 2547 2804 fit
2557 2762 2584 2815 ,-
2638 2735 2800 2805 nulli
2845 2759 3109 2830 quoque
3149 2739 3247 2811 rei

345 2761 535 2910 Εῗυ
559 2858 619 2908 m
680 2853 829 2909 ante
876 2828 1213 2905 mundum
1250 2825 1430 2901 fuifl'e
1449 2877 1476 2916 ,
1517 2832 1583 2904 &
1625 2828 1820 2902 hodie
1869 2851 2055 2930 extra
2092 2828 2424 2904 mundum
2449 2827 2595 2919 esic,
2636 2830 3044 2927 praesentem.

554 3034 721 3104 Sunt
750 3081 773 3117 ,
818 3032 936 3122 qui
995 3026 1326 3120 disputant
1368 3027 1539 3100 inter
1580 3027 1643 3101 se
1661 3080 1686 3116 ‚
1737 3030 1904 3105 fitne
1952 3053 2119 3103 error
2159 3036 2226 3102 in
2275 3031 2581 3106 intelli-³311
2599 3081 2626 3120 ‚
2681 3060 2764 3105 an
2803 3042 2873 3108 in
2910 3036 3256 3123 voluntate,

352 3129 475 3222 qui
534 3130 604 3199 in
661 3131 789 3199 hoc
828 3128 1231 3200 conveniunt
1290 3127 1361 3197 in
1427 3122 1703 3221 simplici
1765 3130 2181 3224 perceptione
2226 3125 2693 3203 obscuritatem
2756 3135 2821 3205 &
2933 3129 3260 3204 confusio·

347 3253 547 3314 nem,
599 3244 669 3299 at
714 3228 783 3298 in
829 3223 966 3298 solo
1013 3226 1256 3318 judicio
1288 3249 1593 3296 errorem
1635 3230 1896 3321 proprie
1930 3228 2185 3297 dictum
2227 3225 2354 3297 effe
2378 3256 2406 3309 ‚-
2469 3249 2547 3298 ut
2577 3230 2792 3298 omnis
2840 3230 2911 3296 in
2958 3251 3039 3296 eo
3106 3251 3263 3299 con-

346 3322 661 3399 troversia
723 3322 806 3397 sit
837 3376 861 3413 ‚
902 3351 1064 3397 num
1105 3323 1425 3416 judicium
1507 3322 1591 3394 ad
1642 3323 2049 3395 intellectum
2098 3370 2124 3405 ‚
2199 3343 2285 3390 an
2339 3341 2504 3391 vero
2573 3324 2661 3391 ad
2705 3322 3122 3393 voluntatem
3175 3321 3267 3397 fir

345 3421 755 3497 referendum
790 3444 810 3486 2
850 3421 1047 3519 quasi
1109 3420 1473 3495 intellectus
1531 3423 1599 3494 ἃ
1637 3421 1940 3502 voluntas
1987 3412 2247 3509 reapse,
2302 3417 2369 3489 δε
2432 3441 2574 3490 non
2634 3414 2773 3488 solo
2844 3413 3250 3498 consideran.

342 3521 413 3591 di
454 3523 662 3596 modo
710 3525 891 3636 inter·
927 3522 993 3596 se
1037 3521 1529 3615 distinguantur.

536 3720 763 3815 Negat
814 3720 1041 3812 aliquis
1106 3726 1299 3816 ignem
1341 3716 1452 3814 effi!
1505 3717 1793 3792 calidum.
1891 3714 2022 3789 Hic
2070 3736 2236 3786 veto
2297 3708 2574 3787 insanire
2633 3714 2774 3788 aliis
2821 3715 3088 3791 videtur
3119 3764 3146 3803 ‚
3183 3715 3252 3789 <sc

341 3815 478 3909 jam
530 3818 995 3891 adsui-nauem
1038 3816 1414 3890 calefactam
1475 3832 1859 3910 provocant.
1960 3815 2051 3889 At
2107 3811 2224 3884 iste
2285 3814 2507 3907 ignem
2561 3812 2904 3889 calefacere
2930 3814 3254 3901 concedit,

340 3937 540 4010 negat
587 3918 657 3989 in
700 3920 847 4013 igne
907 3914 1162 3988 sensum
1222 3915 1447 3987 caloris
1470 3965 1500 4010 ‚
1576 3939 1737 3992 nam
1798 3916 1977 3990 hunc
2027 3909 2293 4005 proprie
2345 3911 2627 3986 calorem
2687 3929 2926 4000 vocat,
2985 3921 3101 3987 aut
3144 3910 3258 3984 ali-

340 4015 503 4100 quid
554 4016 712 4087 huic
748 4013 956 4086 sensui
998 4011 1206 4087 simile
1252 4010 1391 4086 effe.

539 4213 766 4306 Negat
810 4213 1037 4304 aliquis
1097 4210 1349 4284 sensum
1400 4228 1519 4283 aut
1589 4210 1887 4286 dolorem
1927 4203 2098 4298 ess'ej
2153 4206 2275 4283 nifi
2329 4212 2399 4282 in
2471 4209 2766 4298 cerebro,
2825 4225 3024 4302 atque
3089 4204 3259 4279 adeo

364 4311 430 4382 in
490 4334 731 4382 mente.
836 4312 1037 4384 Ridet
1078 4311 1236 4383 alter
1263 4362 1283 4394 ,
1340 4313 1403 4382 &
1431 4311 1571 4403 jam
1626 4308 1908 4393 fustem,
1963 4332 2099 4401 quo
2170 4308 2571 4380 contrarium
2644 4303 2884 4400 probet
2926 4359 2951 4396 ‚
3023 4300 3258 4400 poscit.

362 4406 453 4477 At
506 4409 603 4481 hic
648 4433 790 4481 non
864 4429 1063 4503 negat
1133 4403 1409 4485 oeuffam
1458 4405 1736 4578 ἀοΙοτίἒ
1759 4402 1933 4583 Ρὲίῐὲ
1985 4405 2057 4480 in
2117 4403 2416 4500 quolibet
2468 4403 2774 4481 membro
2807 4407 2987 4493 oriri,
3013 4393 3264 4564 digffi
