4188 5670
907 322 1009 390 σο
1592 307 2086 394 miz-‚nri
2152 330 2282 387 nr
2349 304 3167 415 Loconiincnirff.

1099 494 1180 565 In
1203 493 1578 570 universum
1608 497 1688 570 de
1729 495 2041 574 omnibus
2061 494 2399 574 vocabulis
2442 496 2682 569 vicinae
2713 494 3077 570 admodum
3120 490 3607 591 significationis
3623 498 3654 593 ζ
3699 503 3824 583 five

952 616 1059 664 uae
1078 618 1177 663 res
1195 645 1219 680 ‚
1252 596 1421 669 inter
1451 619 1609 691 quas
1642 616 1840 669 tenue
1863 598 2054 673 valde
2077 597 2418 670 discrimen
2449 593 2563 680 est,
2601 590 2973 689 significant
3002 644 3027 681 ‚
3058 594 3186 667 dici
3220 596 3433 691 potest
3464 619 3586 674 ··.ea
3618 602 3819 699 stupis.

903 618 1064 761 sune
1086 689 1204 762 effe
1229 690 1620 786 synonyma,
1655 718 1793 768 non
1826 716 2097 769 tantum
2125 698 2201 769 in
2243 719 2360 766 ore
2392 692 2578 783 vulgi
2606 717 2969 787 eorumque
2998 743 3024 778 ,
3053 693 3193 787 ‘qui
3220 714 3518 770 accurate
3548 726 3694 775 non
3726 705 3821 777 lo.

903 809 1234 881 quuntur‚
1272 796 1513 886 quique
1544 793 1802 886 prorsus
1823 846 1846 882 ‚
1867 795 2171 890 distingui
2225 817 2461 866 eorum
2504 787 3005 885 fignificationes
3039 841 3063 878 ‚
3104 792 3402 888 nesciunt
3441 824 3467 877 ‚-
3510 794 3617 869 [ed

902 888 1101 958 etiam
1126 890 1198 957 in
1214 913 1325 962 ore
1346 887 1904 984 peritiffimorum,
1928 896 2040 986 qui
2064 894 2147 965 ad
2184 887 2572 964 leviffimam
2596 887 3141 985 fignificationum
3180 887 3623 968 differentiam
3645 953 3669 988 ‚
3728 900 3816 972 ibi

901 985 1052 1055 alias
1101 1011 1238 1057 non
1279 991 1617 1082 ignotam,
1663 1017 1802 1063 non
1838 990 2085 1084 semper
2127 989 2498 1063 attendunt,
2566 990 2669 1060 Ex
2693 1012 2832 1082 quo
2860 985 3074 1060 rursus
3098 1010 3275 1082 patet
3314 1040 3339 1079 ,
3380 1016 3588 1085 quam
3636 1001 3857 1075 dives-4

903 1084 967 1153 &
990 1084 1134 1156 haec
1157 1087 1640 1160 vocabulorum
1659 1092 2067 1183 Synonymia
2096 1086 2178 1162 fit
2199 1088 2799 1183 Logomachiarum
2835 1084 3181 1180 scaturigo·

516 1264 830 1408 2311th
1080 1297 1472 1393 Philosophi,
1513 1325 1797 1395 quorum
1820 1310 2087 1379 nomine
2103 1304 2483 1398 Theologos
2508 1353 2531 1390 ,
2565 1300 3150 1395 Jurisconffiltos&
3184 1304 3475 1378 Medicos
3512 1307 3621 1378 hic
3662 1310 3819 1401 quo-⁴

519 1370 638 1492 {lm
661 1391 766 1489 liri-
825 1431 831 1440 ·
905 1418 1034 1488 que
1058 1399 1698 1488 comprehendimus,
1729 1404 1843 1494 qui
1864 1404 2154 1477 defectus
2184 1404 2586 1496 Linguarum
2614 1403 2683 1472 in
2709 1402 2785 1471 fis
2818 1400 3203 1494 praesertim,
3247 1428 3399 1496 quae
3424 1405 3505 1474 ad
3562 1406 3676 1476 has
3714 1404 3818 1478 sci-

512 1531 764 1593 guarum
907 1496 1109 1567 entias
1154 1498 1524 1589 pertinent,
1566 1499 1909 1573 emendare
1951 1502 2101 1573 sunt
2139 1502 2380 1586 conati,
2411 1524 2715 1592 magnam
2750 1520 3065 1591 praeterea
3087 1500 3352 1592 rlinguis
3380 1505 3816 1575 mutationem

517 1597 835 1693 emendare·
905 1594 1284 1665 attulerunt.
1391 1596 1569 1667 Cum
1606 1597 1781 1668 enim
1823 1599 1902 1670 ad
1927 1601 2209 1694 plurima
2256 1600 2323 1668 in
2348 1595 2590 1683 rebus,
2618 1596 2783 1668 circa
2833 1621 2994 1688 quas
3019 1596 3441 1670 versabantur
3466 1650 3490 1685 ,
3533 1602 3814 1673 attendu-

498 1678 637 1758 [um
651 1693 853 1739 “mm'’
901 1712 1072 1778 rent,
1095 1692 1178 1762 ad
1208 1715 1361 1783 quae
1384 1693 1622 1785 vulgus
1654 1695 2003 1768 hominum
2027 1723 2167 1769 non
2202 1697 2476 1767 attendit
2502 1746 2526 1782 ,
2557 1696 2890 1786 multaque
2916 1694 3084 1765 inter
3116 1696 3178 1767 se
3201 1696 3663 1787 distinguerent
3690 1750 3711 1784 ,
3733 1698 3810 1770 de

514 1774 785 1897 Z‘Jgssm
904 1788 1142 1883 quibus
1168 1788 1628 1883 distinguendis
1660 1791 1994 1882 illiterati,
2038 1791 2275 1889 quibus
2301 1790 2432 1864 fere
2472 1793 2756 1885 Linguas
2777 1790 3119 1878 debemu8‚
3150 1819 3287 1864 non
3316 1793 3461 1866 sunt
3517 1792 3805 1882 solliciti,

511 1859 780 1983 ωᾶἷωῐυ,
904 1887 1150 1960 factum
1187 1886 1301 1974 est,
1340 1908 1420 1960 ut
1453 1912 1841 1983 cogerentur
1885 1893 2098 1965 multa
2122 1916 2296 1964 nova
2320 1886 2647 1963 vocabula
2689 1891 3020 1962 invenire:
3078 1915 3309 1963 eorum
3330 1941 3354 1980 ,
3390 1917 3544 1984 quae
3582 1893 3802 1984 jam-in

517 2020 640 2060 nem
677 2015 826 2061 attu-
902 1984 1023 2058 usu
1045 1984 1312 2059 fiaerunt
1332 2035 1366 2072 ‚.
1406 1983 1945 2081 significationem
1987 1989 2463 2085 aliquantulum
2495 2010 2749 2060 mutare
2780 2017 2805 2070 ,-
2832 1986 3137 2080 quaedam
3188 1989 3469 2075 latioris,
3505 1990 3809 2083 quaedam

517 2080 742 2169 lerunt„
901 2084 1280 2179 angustioris
1307 2082 1787 2177 fignificationis
1811 2089 2123 2162 reddere:
2169 2108 2365 2181 atque
2396 2090 2488 2159 ita
2514 2087 2928 2180 quorundam
2965 2082 3417 2179 fignificationi
3433 2088 3677 2182 aliquid
3704 2086 3802 2160 ad·
3844 2115 3847 2116 ⁷

881 2183 1093 2270 dere,
1130 2184 1409 2254 aliorum
1441 2183 1685 2277 aliquid
1711 2185 2016 2260 demere:
2055 2185 2383 2259 vocabula
2430 2187 2632 2278 vulgo
2676 2182 3047 2274 synonyma
3069 2233 3094 2270 ,
3136 2203 3210 2255 ut
3237 2210 3458 2257 rerum
3514 2185 3802 2256 multitu-

898 2281 1034 2352 dini
1057 2282 1327 2353 nomina
1353 2279 1852 2373 responderent,
1900 2288 2068 2357 inter
2093 2284 2157 2357 se
2203 2283 2605 2375 distinguere.
2680 2285 2911 2371 Sicque
2934 2280 3250 2371 paulatim
3302 2304 3479 2351 nova
3520 2282 3807 2352 erudito·

894 2403 1044 2451 rum
1071 2379 1292 2473 lingua
1320 2396 1472 2450 nata
1494 2377 1645 2467 fuit,
1679 2381 1715 2450 ὲ
1744 2383 1960 2477 lingna
1988 2380 2193 2478 plebis
2215 2383 2285 2454 in
2313 2381 2605 2476 plurimis
2646 2376 2895 2454 diversa
2915 2421 2945 2464 2
2986 2377 3055 2448 id
3080 2376 3259 2469 quod
3290 2377 3648 2450 innumeris

896 2479 1249 2572 gomachiis
1271 2479 1591 2571 originem
1611 2480 1822 2553 dedit.
3620 2511 3625 2518 ·

515 2688 691 2790 quue
705 2686 832 2770 plu.
1062 2704 1344 2792 Quoties
1364 2707 1539 2778 enim
1576 2702 2134 2798 reprehenduntur
2156 2754 2180 2792 ,
2219 2725 2538 2799 tanquam
2592 2722 2818 2778 contra
2863 2705 3012 2776 attis
3055 2706 3365 2799 principia
3405 2712 3801 2798 peccantem,s

520 2773 818 2912 '132⁶'ssss
896 2825 1185 2890 quorum
1214 2806 1480 2878 unicum
1517 2806 1643 2877 hoc
1667 2826 2007 2900 peccatum
2059 2802 2193 2885 est3
2239 2805 2419 2898 quod
2453 2801 2695 2877 solenni
2736 2807 2886 2875 artis
2933 2805 3156 2897 lingua
3191 2829 3329 2877 non
3382 2803 3805 2897 loquantur?

500 2873 783 3013 frigium
893 2902 1172 2985 Quoties
1195 2903 1351 2972 illud
1390 2905 1693 2973 auditur:
1722 2906 1865 2993 quis
1908 2903 2453 2995 Philosophorum
2482 2907 2573 2975 ita
2611 2899 2949 2993 loquitur?
3008 2905 3182 2973 Cum
3235 2905 3449 2994 potius
3502 2927 3794 2995 quaeren-

504 3017 682 3080 aaut,
888 2995 1050 3065 dum
1074 2995 1287 3069 fuiffet
1308 3048 1330 3082 ‚
1376 3022 1459 3066 an
1488 2999 1632 3088 quis
1668 3001 2048 3087 Sapientum
2076 3000 2165 3065 ita
2208 2998 2488 3069 sentiat?
2514 3002 2795 3082 Qoties
2818 2995 3000 3087 plebs
3027 2997 3427 3091 Philosophis
3452 3050 3475 3085 ,
3512 2999 3803 3074 Philoso-

883 3094 995 3185 phi
1027 3092 1206 3185 plebi
1262 3091 1547 3185 defipere
1584 3094 1888 3163 videntur
1932 3116 1950 3159 ε
2003 3114 2161 3158 cum
2203 3112 2425 3161 tamen
2467 3092 2645 3161 idem
2671 3090 3009 3163 sentientes
3034 3143 3058 3181 ‚
3109 3099 3350 3188 pariter
3395 3118 3509 3170 aut
3544 3097 3790 3193 Cipiant

881 3213 1002 3266 aut-
1019 3190 1332 3285 defipiant
1359 3192 1391 3260 ἲ
1419 3191 1683 3262 Accedit
1713 3241 1735 3277 ,
1776 3188 1958 3281 quod
1992 3187 2169 3257 nulla
2200 3186 2742 3280 Philosophorum
2768 3186 2938 3261 secla
2965 3215 3118 3262 cum
3150 3193 3349 3266 altera
3372 3195 3440 3265 in
3471 3198 3614 3285 hac,
3647 3221 3813 3290 quae·

877 3288 1213 3365 neceffaria
1253 3292 1483 3383 cuique
1509 3289 1639 3361 visa
1664 3288 1813 3375 suit,
1845 3288 2213 3379 linguarum
2234 3287 2602 3358 mutatione
2627 3290 2976 3359 convenire
3011 3294 3326 3382 potuerit,
3363 3317 3515 3365 cum
3575 3295 3799 3388 quaeh‘-

561 3422 600 3447 ι
878 3387 1029 3475 bet,
1070 3416 1208 3463 non
1242 3392 1585 3483 expectato
1617 3388 1874 3462 alterius
1908 3381 2217 3456 consensu
2242 3436 2265 3471 ,
2302 3387 2420 3458 hac
2449 3389 2527 3457 in·
2543 3411 2610 3458 re
2642 3384 2912 3461 arbitrio
2942 3384 3194 3459 suo-usa
3232 3387 3435 3462 fuerit
3462 3442 3486 3479 ‚
3521 3391 3601 3462 de
3652 3415 3808 3483 quo⁵

876 3488 1059 3559 alteri
1086 3487 1374 3561 constare
1402 3514 1538 3560 non
1571 3491 1813 3582 potuit.
1881 3485 2146 3579 Neque,
2174 3482 2594 3578 quiejusdem
2614 3481 2878 3584 fuerunt
2909 3481 3121 3570 sestae,
3158 3487 3264 3557 hic
3309 3508 3605 3561 accurate
3640 3511 3793 3559 con-

697 3662 706 3671 „
873 3582 1253 3664 senserunt3
1292 3613 1430 3658 non
1462 3589 1640 3657 enim
1667 3606 1845 3660 certo
1902 3578 2170 3656 confilio
2204 3584 2427 3654 omnia
2479 3579 2825 3665 vocabula,
2860 3581 3099 3671 quibus
3150 3584 3318 3672 alio,
3365 3611 3439 3659 ac
3490 3589 3731 3680 vulgus
3757 3636 3797 3674 ‚.

755 3704 778 3722 ¹·
872 3678 1054 3752 sensu
1081 3684 1412 3755 utendum·
1420 3681 1743 3777 putabant
1771 3732 1793 3766 ‚
1829 3676 2231 3750 definiebant
2252 3730 2275 3765 ,
2306 3697 2382 3750 ut
2412 3678 2858 3751 Mathematici
2883 3674 3133 3751 solent:
3172 3682 3237 3752 ἃ
3255 3678 3303 3753 fi
3329 3684 3395 3754 id
3439 3684 3647 3757 facere
3673 3709 3795 3757 vo-

871 3776 1125 3851 luiffent
1146 3831 1170 3866 ,
1199 3780 1451 3853 fortasse
1475 3777 1680 3848 verba
1724 3777 1805 3847 ad
1843 3776 1911 3843 id
1938 3775 2175 3844 idonea
2209 3801 2348 3848 non
2372 3773 2621 3868 semper
2648 3771 3031 3848 invenissent
3057 3805 3079 3856 3
3128 3776 3235 3849 sed
3266 3782 3415 3853 talia
3443 3832 3465 3868 ,
3496 3806 3797 3877 quorum

874 3872 1128 3969 fingula
1153 3904 1329 3948 nova
1355 3873 1734 3947 definitione
1776 3865 2207 3961 indiguiffent.
2298 3875 2454 3945 Imo
2473 3896 2684 3953 neque
2708 3871 2907 3943 iidem
2927 3873 3297 3970 Philosophi
3343 3881 3409 3950 in
3446 3880 3629 3955 sensu
3666 3906 3783 3955 vo.

872 3971 1261 4044 cabulorum
1283 3970 1405 4042 fibi
1429 3970 1629 4061 usque
1656 3967 1943 4041 constare
1975 3983 2338 4061 potuerunt
2359 4020 2381 4056 ,
2422 3969 2641 4042 saltem
2681 3995 2915 4042 eorum
2944 4021 2970 4059 ‚
3005 4000 3158 4067 quae
3210 4000 3362 4046 cum
3391 3979 3590 4071 vulgo
3637 3975 3785 4072 ipfis

867 4066 1050 4141 suere
1080 4070 1492 4148 communia;
1516 4068 1689 4138 unde
1717 4066 2000 4145 factum,
2057 4084 2136 4136 ut
2155 4063 2299 4137 haec
2322 4092 2499 4141 nunc
2537 4069 3076 4164 Philosophorum
3098 4124 3120 4158 ‚
3142 4097 3314 4144 nunc
3344 4077 3522 4170 vulgi
3545 4077 3728 4149 sensu
3749 4105 3780 4161 ς

868 4169 998 4239 huc
1014 4169 1187 4239 enim
1208 4165 1375 4261 saepe
1406 4167 1442 4235 ὲ
1468 4164 1887 4259 multitudine
1909 4160 2382 4251 trahebantur3
2422 4169 2800 4262 acciperent.
2879 4170 3056 4241 Hinc
3092 4193 3424 4264 perpetuae
3452 4176 3777 4270 Logoma-

871 4266 1036 4337 ehiae
1058 4266 1226 4336 inter
1262 4266 1542 4360 vulgum
1571 4266 1637 4334 ὃς
1665 4260 2084 4358 Philosophos
2137 4290 2156 4333 z
2213 4264 2683 4361 Logomachiae
2729 4270 2894 4337 inter
2919 4266 3338 4361 Philosophos
3374 4271 3776 4349 diversarum

868 4363 1224 4437 sectarumz
1270 4363 1731 4458 Logornachiae
1765 4365 1934 4439 inter-
1969 4358 2266 4457 ejusdem
2289 4362 2487 4446 seaae
2526 4362 2945 4459 Philosophos
2980 4391 3015 4441 z·
3041 4392 3439 4465 quocunque
3493 4372 3785 4466 denique

733 4518 740 4525 .
865 4462 1123 4567 aspicias
1146 4513 1172 4554 ,
1211 4463 1718 4559 Logomachiae.
2304 4506 2313 4518 ·

3551 4573 3780 4660 Qum
