4188 5670
901 307 1039 385 142
1681 265 3101 361 nnr1n1nus-Munn1

893 466 1001 546 tur
1024 522 1049 559 ,
1106 454 1184 540 in'
1212 465 1484 541 nihilum
1526 460 1775 561 redigi:
1830 487 2009 539 nunc
2036 478 2269 557 quaero
2305 504 2331 549 ,
2391 477 2623 533 utrum
2671 457 2962 532 mundus
3010 510 3038 549 ,
3096 461 3214 558 qui
3258 453 3624 556 pulvisculo
3659 456 3783 536 hod

893 588 1138 644 careret
1159 620 1179 653 ‚
1226 567 1439 641 adhuc
1476 561 1768 638 infinitus
1813 559 1964 637 effet
1985 612 2010 649 ‚
2044 581 2124 634 ut
2165 582 2342 634 nunc
2381 555 2716 631 infinitum
2755 555 2876 635 effe
2927 558 3087 634 dicis
3127 560 3163 635 ἓ

1086 666 1263 742 Daed.
1349 664 1679 738 MinIme:
1716 659 1920 757 poffet
1962 660 2141 733 enim
2183 660 2245 732 ei
2283 657 2498 750 aliqua
2539 680 2681 748 pars
2725 654 2896 737 addi.

1078 765 1235 837 Phil.
1294 762 1544 836 Finitus
1580 761 1776 856 igitur
1807 755 1975 833 effet.
2055 756 2183 831 Sed
2220 780 2396 829 nunc
2433 755 2593 827 mihi
2632 774 2890 847 expone
2926 782 2950 834 3
2995 749 3048 824 fi
3093 755 3351 851 corpori
3394 754 3586 831 alicui
3631 752 3778 832 fini.

882 882 957 939 to
999 859 1392 958 pulvisculus
1430 859 1533 932 hic
1585 857 1915 933 accederet
1940 906 1963 944 ‚
1991 856 2227 929 indene
2272 849 2702 926 conficeretur
2733 877 2968 947 corpus
3006 851 3404 927 infinitum?

1076 960 1253 1034 Daed.
1332 958 1625 1030 Delirare
1659 982 1766 1040 me
1811 951 2193 1045 existimas?
2235 974 2469 1044 corpus
2492 946 2757 1023 finitum
2809 950 3058 1024 constat
3090 949 3283 1026 finito
3326 973 3605 1023 numero
3628 976 3772 1044 par.

881 1060 1050 1132 tium
1072 1110 1095 1146 ‚
1136 1058 1338 1152 qualis
1384 1055 1488 1128 ille
1529 1054 1922 1148 pulvisculus
1962 1051 2052 1126 est
2083 1079 2102 1124 ι
2144 1052 2282 1144 jam
2321 1046 2372 1122 fi
2410 1045 2604 1122 finito
2659 1072 2938 1122 numero
2980 1049 3235 1122 additur
3261 1074 3471 1122 unum
3497 1099 3521 1137 ,
3549 1074 3774 1124 nume·

876 1183 990 1232 rus
1031 1158 1181 1232 inde
1215 1180 1347 1228 non
1378 1150 1456 1226 fit
1486 1149 1797 1227 infinitus,
1900 1152 2205 1225 Omnino
2252 1164 2335 1220 ex
2375 1144 2638 1219 duobus
2680 1143 2884 1219 finitis
2924 1173 3060 1221 non
3113 1146 3193 1221 fit
3225 1146 3578 1222 infinitum.

1068 1255 1224 1327 Phil.
1300 1252 1366 1325 Si
1412 1249 1609 1345 igitur
1656 1252 1966 1325 minimus
2012 1248 2116 1322 ille
2160 1244 2555 1342 pulvisculus
2584 1242 2835 1316 mundo
2862 1295 2886 1332 ,
2937 1246 3092 1342 qui,
3144 1271 3225 1319 eo
3272 1247 3342 1317 in
3376 1246 3652 1317 nihilum
3680 1271 3776 1317 re-

879 1353 1073 1426 dacto
1111 1403 1135 1441 ,
1182 1350 1407 1424 finitus
1456 1348 1548 1421 est
1588 1401 1614 1439 ‚
1656 1350 2030 1424 redderetur
2054 1397 2078 1437 ‚
2153 1345 2439 1422 mundus
2490 1339 2643 1416 effet
2687 1337 2913 1417 finitus
2939 1372 2961 1416 z
3007 1340 3278 1419 finitum
3331 1344 3508 1429 enirn
3581 1339 3773 1417 finito

877 1453 1250 1624 &del-..322
1311 1539 1527 1622 Video
1566 1541 1876 1644 quorsum
1925 1542 2196 1619 tendast
2233 1538 2342 1617 sed
2394 1563 2629 1636 negare
2662 1560 2797 1611 ‘¹⁰¹³
2834 1534 3109 1635 Poffum‘

893 1684 900 1689 ·
947 1638 954 1647 ’
1068 1648 1222 1720 Phil.
1297 1649 1498 1740 Atqui
1545 1647 1828 1719 mundus
1857 1668 2016 1718 tunc
2067 1642 2265 1730 effet,
2320 1661 2602 1735 quantus
2636 1662 2810 1710 nunc
2851 1638 2960 1711 est.
3042 1639 3251 1731 Qod
3284 1636 3337 1713 fi
3384 1639 3583 1735 igitur
3611 1659 3772 1715 tunc

873 1743 1097 1819 finitus
1144 1743 1294 1817 effet
1314 1798 1337 1833 ,
1392 1770 1567 1819 nunc
1604 1744 1829 1818 finitus
1869 1743 1962 1817 est
2004 1770 2027 1825 5
2081 1742 2264 1838 qnod
2313 1757 2452 1813 erat
2498 1735 3107 1811 demonstrandum.

1062 1844 1230 1921 Daed
1311 1843 1568 1931 Qaero
1618 1839 1960 1939 effugium.

1066 1943 1213 2019 Phil.
1299 1942 1523 2017 Immo
1563 1945 1781 2036 potius
1805 1943 2153 2019 veritatem
2174 1961 2415 2034 quaere.
2510 1932 2636 2008 Sed
2672 1934 2890 2010 videte
2916 1934 3021 2011 vel
3050 1937 3147 2011 his
3170 1936 3459 2012 clariora.
3568 1936 3769 2013 Mun-

877 2039 1042 2114 dum
1089 2040 1292 2115 dividi
1344 2038 1517 2133 poste
1547 2090 1570 2127 ,
1624 2041 2042 2134 Polymathes
2063 2090 2088 2127 ‚
2143 2033 2494 2113 affirmas?
3392 2080 3401 2094 ·

1058 2141 1183 2213 Pol.
1257 2138 1474 2211 Etiam
1503 2168 1523 2208 .-
1577 2164 1732 2211 nam
1776 2136 1976 2211 habet
2027 2158 2244 2232 partes
2291 2154 2478 2231 extra
2520 2150 2752 2234 partes.
2832 2224 2837 2231 ι

979 2249 986 2257 ’
1062 2236 1218 2308 Phil.
1283 2228 1527 2309 D'ivide
1579 2238 1774 2331 igitur
1811 2262 1967 2309 eum
2026 2239 2252 2308 animo
2288 2236 2359 2306 in
2399 2233 2560 2306 duas
2611 2249 2849 2331 partes·

1066 2334 1193 2407 Pol.
1259 2330 1524 2408 Dubito
1553 2380 1578 2418 ,
1627 2355 1854 2406 utrum
1906 2331 2050 2406 fieri
2101 2353 2318 2427 queat.
2685 2397 2689 2401 ,
2901 2394 2906 2399 .

1063 2432 1214 2504 Phil.
1290 2432 1499 2506 Facile
1545 2431 1708 2504 istud
1748 2433 2033 2526 quidem.
2171 2429 2417 2523 Divide
2462 2431 2640 2505 enim
2685 2447 2910 2503 mente
2950 2447 3176 2503 totum
3222 2429 3553 2504 mnndum
3604 2452 3756 2504 cum

866 2526 1058 2604 Mose
1106 2531 1171 2603 in
1223 2532 1462 2603 eoelum
1501 2534 1566 2606 &
1612 2553 1853 2603 terram
1884 2558 1908 2602 ι
1949 2531 2120 2603 Coeli
2173 2532 2442 2604 nomine
2475 2529 2759 2623 intellige
2791 2553 3064 2601 omnem
3109 2524 3559 2603 extenlionem
3597 2555 3764 2624 prae-

865 2646 965 2699 ter
1013 2627 1309 2701 tellurem
1339 2657 1362 2701 2
1408 2649 1619 2724 partes
1657 2628 1868 2702 sintne
1903 2629 2187 2725 aequaloe
2202 2653 2288 2700 an
2309 2628 2662 2721 inaequales
2687 2677 2712 2713 ,
2762 2650 2900 2699 non
2931 2626 3183 2699 laboro.
3206 2628 3284 2701 Id
3323 2629 3530 2702 modo
3563 2631 3763 2703 velim

863 2727 1024 2797 mihi
1066 2726 1237 2799 dicas
1265 2759 1285 2797 .-
1335 2726 1484 2801 sunt
1527 2755 1607 2802 ne
1658 2732 1766 2802 hae
1805 2747 2017 2822 partes
2060 2723 2273 2802 finit'ae
2305 2752 2390 2800 an
2438 2722 2718 2800 infinitae
2758 2722 2796 2796 ἓ

1061 2828 1186 2897 Pol.
1264 2824 1451 2916 Qii
1492 2825 1542 2899 fi
1585 2825 1805 2902 finitas
1845 2828 2057 2901 dicam
2088 2829 2134 2899 ἒ
2195 2825 2353 2900 nibil
2383 2824 2520 2911 est,-
2567 2820 2897 2897 infinitum
2950 2849 3414 2919 componerem
3470 2849 3557 2898 ex
3597 2825 3759 2900 duo-

860 2916 988 2992 bus
1039 2918 1257 2994 finitis.
1343 2926 1528 3013 Qid
1578 2922 1629 2995 fi
1681 2924 1964 2998 infinitas
1991 2923 2027 2994 ‚⁹
2078 2924 2472 2997 tantundem
2519 2948 2718 3016 egero
2775 2943 2793 2987 τ
2839 2944 3081 2995 terram
3117 2922 3375 2996 finitam
3431 2920 3557 2996 effe
3592 2924 3762 3009 scio,-

858 3038 1172 3112 pnaeterea
1222 3043 1436 3114 partes
1488 3025 1774 3115 aequales
1815 3023 1947 3095 toti
1972 3070 1996 3106 ,
2047 3022 2235 3113 plura
2289 3017 2545 3092 infinita
2585 3019 2910 3092 cuderem.
2990 3021 3082 3092 At
3138 3017 3229 3093 fic
3266 3024 3502 3114 opinor
3552 3050 3579 3106 ,-
3624 3047 3768 3095 non

856 3117 1069 3211 potest
1109 3146 1134 3200 ‚-
1194 3119 1405 3190 immo
1477 3121 1748 3213 optime.
1886 3118 2065 3193 Audi
2113 3117 2489 3189 Philalethes
2563 3141 2585 3186 ε
2635 3116 2783 3188 dieo
2838 3116 3107 3190 alteram
3170 3122 3459 3213 partium
3506 3117 3766 3194 finitam

856 3214 980 3288 effe
1005 3267 1028 3303 ‚
1081 3217 1347 3288 alteram
1383 3214 1726 3289 infinitam.
1763 3241 1772 3272 k
2662 3243 2683 3260 ²

1055 3314 1205 3387 Phil.
1274 3318 1380 3388 Sic
1425 3314 1761 3388 infinitum
1805 3309 1963 3388 efl'et
1987 3329 2050 3402 ,'
2080 3332 2323 3411 praetet
2362 3315 2547 3411 quod
2594 3311 2716 3386 alia
2764 3309 2917 3385 effet
2962 3311 3255 3389 extensio
3280 3370 3301 3403 ‚
3336 3318 3401 3389 &
3439 3311 3522 3387 fic
3560 3314 3759 3387 altera

855 3408 1077 3484 saltem
1129 3416 1412 3507 partium
1455 3416 1720 3509 aequalis
1764 3412 1915 3487 eflet
1957 3416 2102 3487 toti.
2213 3415 2327 3487 Tu
2371 3415 2497 3487 hoc
2546 3413 2837 3508 jurgium
2897 3411 3169 3484 transfer
3208 3416 3291 3485 ad
3353 3415 3767 3489 Geometras-2

1048 3514 1170 3582 Pol.
1224 3517 1469 3585 Haeret>
1499 3566 1522 3601 ,
1564 3514 1841 3586 Daedale
1863 3564 1885 3599 ‚
1929 3531 2007 3586 tu
2057 3511 2371 3587 succurre·
3667 3554 3674 3559 ·

850 3703 894 3775 d
975 3705 1018 3776 h
1050 3609 1229 3774 ffaed.
1291 3610 1435 3700 Ipse
1482 3615 1727 3684 auxilio
1785 3611 2065 3704 indigeo.
2148 3612 2278 3685 Sed
2325 3634 2487 3682 num
2523 3611 2741 3703 plures
2784 3607 3363 3682 demonstrationes
3414 3608 3760 3702 hujufino·

901 3705 915 3772 i
1016 3724 1056 3776 'a
1109 3734 1173 3778 es
1222 3707 1256 3778 f)

1045 3805 1196 3876 Phil.
1270 3809 1376 3880 En
1405 3801 1598 3878 vobis
1624 3803 1818 3894 aliam
1854 3855 1878 3891 ,
1926 3821 2125 3900 quae,
2180 3801 2296 3877 nifi
2358 3801 2548 3876 fallor
2592 3855 2615 3889 ‚
2674 3829 2813 3875 non
2866 3805 3082 3875 minus
3150 3830 3270 3878 vos
3343 3806 3763 3900 constringet.

847 3896 1120 3992 ,Adspice
1176 3904 1348 3976 hunc
1386 3903 1635 3976 cubum
1676 3953 1693 3983 ,
1739 3904 1853 3996 qui
1892 3928 2050 3996 prae·
2078 3905 2281 3974 oculis
2311 3901 2417 3972 est.
2500 3902 2795 3972 Mundus
2842 3900 3085 3995 integer
3115 3926 3282 3995 quot
3308 3905 3548 3977 talibus
3575 3905 3765 3978 cubis

845 3992 983 4066 five
1033 3995 1202 4089 perti
1237 4025 1336 4078 us
1374 3991 1624 4071 eonstat
1674 4000 1810 4092 ejus
1867 4000 2381 4094 magnitudinis,
2434 4000 2615 4091 cujus
2662 3998 2751 4072 est
2807 4000 2908 4072 hic
2956 3998 3223 4074 cubus?
3754 4067 3763 4078 ,

1038 4097 1216 4167 Daed.
1291 4096 1551 4172 Nescio.

1036 4194 1188 4264 Phil.
1257 4198 1495 4292 Neque
1546 4218 1668 4289 ego
1720 4191 1867 4292 fine
1915 4193 2041 4268 scio
2071 4224 2094 4269 τ
2140 4220 2491 4271 numerum
2545 4213 2769 4270 tamen
2818 4194 3196 4290 hujusmodi
3227 4197 3557 4273 cuborum
3610 4193 3789 4272 fini:

843 4310 988 4364 tum
1040 4290 1157 4390 else
1203 4295 1519 4368 existimo.

1040 4389 1214 4462 Daed.
1296 4397 1382 4468 At
1422 4419 1546 4485 ego
1593 4389 1949 4467 infinitum·

1038 4486 1190 4561 Phil·
1243 4494 1342 4567 Ita
1391 4490 1605 4564 debes.
1636 4487 1939 4580 Sed5'fac
1965 4514 2505 4589 unumquemque
2532 4496 2770 4566 horum
2814 4488 3149 4567 cattorum
3181 4495 3244 4565 in
3298 4512 3561 4567 eentum
3604 4493 3763 4565 alias

3533 4614 3758 4686 partes
