4188 5670
854 292 1002 368 284
1788 273 2648 349 PnaeL'ncTrones
2747 294 2879 346 ne

850 462 958 531 rio
1013 453 1163 527 sunt
1235 454 1307 526 in
1347 476 1427 525 eo
1471 449 1640 524 statu
1698 450 1766 520 in
1825 474 1962 544 quo
2008 450 2315 541 sunt,{in
2367 475 2450 524 eo
2495 447 2620 523 litu
2662 502 2686 539 ‚
2742 450 2812 523 in
2855 474 2990 544 quo
3043 446 3132 523 ab
3186 466 3441 524 aeterno
3501 442 3800 518 fiiemnt.

1054 553 1249 626 Unde
1302 553 1496 644 igitur
1552 568 1774 619 motus
1834 570 2215 625 atomorum
2286 552 2353 622 &
2394 569 2708 644 perpetua
2753 550 2858 621 illa
2925 546 3084 622 situs
3136 548 3419 622 mutatio
3471 548 3518 619 ἓ
3617 543 3807 634 Quis

861 657 1049 730 hunc,
1088 669 1354 724 motum
1413 647 1651 719 atomis
1714 645 1949 720 indidit
1999 649 2042 720 ἒ
2148 649 2311 721 Sane
2390 651 2569 720 enim
2644 648 2898 721 moveri
2982 648 3065 720 ad
3110 647 3434 741 corporis
3490 660 3806 751 naturam

863 776 1007 829 non
1047 749 1350 842 pertinet.
1451 743 1575 818 Sed
1614 742 1967 819 fueruntne
2017 771 2246 820 omnes
2303 749 2512 821 atomi
2571 743 2659 819 ab
2707 768 2959 820 aeterno
3009 747 3079 818 in
3117 766 3312 819 motu
3369 743 3407 817 ?-
3483 766 3572 814 an
3616 765 3807 835 quae-

869 853 1024 924 dam
1086 841 1503 940 quiescebant
1535 844 1580 913 ,Ρ
1641 868 1951 934 quaenam
1999 844 2207 917 cauffa
2255 846 2450 936 hujus
2494 842 2881 919 diversitatis
2926 841 2961 915 ἓ
3025 846 3170 917 Cur
3207 841 3258 916 fi
3309 840 3619 937 quaedam
3655 858 3809 912 ato-

873 950 968 1021 mi
994 940 1455 1038 quiescebant»,
1484 938 1571 1011 ab
1598 940 1731 1012 aliis
1758 944 1952 1015 motis
1980 947 2236 1016 moveri
2262 962 2566 1037 poterant
2615 943 2650 1016 :²
2724 944 2894 1032 Qis
2911 944 3277 1018 entiahaec
3299 939 3806 1034 independentia

878 1049 946 1117 δε
973 1064 1220 1124 aeterna
1248 1039 1373 1113 alia
1413 1040 1546 1111 aliis
1583 1036 2025 1113 subordinavit
2072 1040 2107 1112 ,⁹
2162 1045 2249 1116 Et
2294 1039 2345 1113 fi
2386 1057 2607 1115 motae
2651 1041 2917 1115 fuerunt
2959 1039 3045 1115 ab
3091 1058 3380 1127 aeterno,
3414 1064 3500 1113 an
3523 1039 3686 1131 pari,
3718 1061 3810 1108 an

879 1140 1114 1235 dispari
1158 1134 1557 1213 velocitate?
1596 1161 1681 1208 an
1716 1139 1783 1209 in
1824 1159 2015 1211 motu
2045 1161 2250 1215 certas
2278 1138 2587 1232 quasdam
2612 1143 2778 1237 leges
2809 1138 3279 1228 observarunt,
3306 1164 3390 1211 an
3408 1137 3614 1210 nullas
3657 1133 3694 1207 ἲ
3740 1135 3807 1208 Si

881 1239 1092 1341 nullas
1117 1288 1140 1325 ,
1189 1237 1362 1309 unde
1410 1237 1604 1330 igitur
1656 1235 1823 1329 leges
1875 1258 2093 1309 motus
2122 1282 2144 1309 2
2214 1263 2372 1332 quas
2438 1241 2630 1312 hodie
2692 1258 2971 1334 corpora
3010 1235 3419 1312 observant?
3478 1235 3548 1307 Si
3582 1231 3803 1308 obser·

884 1356 1130 1410 varunt
1159 1385 1183 1422 ‚
1239 1336 1380 1425 quis
1422 1333 1559 1406 illas
1607 1331 1776 1427 leges
1827 1353 2045 1407 motus
2086 1386 2111 1423 ‚
2191 1338 2334 1429 quis
2397 1337 2567 1431 leges
2625 1339 3231 1411 communicationis
3290 1357 3511 1409 motus
3571 1335 3810 1405 atomis

887 1427 1270 1531 praescripfit
1324 1429 1356 1501 ἲ
1413 1432 1552 1502 Aut
1586 1431 1937 1525 ‚quomodo
1996 1431 2502 1507 innumerabiles
2542 1438 2749 1529 atomi
2790 1487 2814 1523 ,
2870 1432 3200 1509 immensis
3247 1434 3466 1530 spaciis
3515 1432 3555 1500 a
3593 1429 3654 1505 se
3719 1433 3812 1500 in.

891 1536 1106 1605 vicem
1148 1523 1396 1601 diffitae
1424 1578 1446 1615 ,
1519 1529 1587 1599 in
1631 1530 1981 1602 earundem
2029 1532 2255 1625 legum
2307 1529 2836 1608 observationem
2879 1531 3394 1611 consenserunt?
3463 1530 3659 1602 Unde
3706 1528 3812 1601 de-

810 1672 815 1679 ·
890 1632 1088 1722 nique
1126 1626 1232 1698 illa
1274 1627 1552 1699 varietas
1594 1627 1664 1697 in
1714 1623 1984 1724 figuris3
2035 1633 2099 1703 δι
2132 1631 2578 1724 magnitudine
2620 1654 2998 1720 atomorum
3019 1678 3037 1711 2
3067 1658 3225 1725 quas
3264 1633 3560 1705 statuunt
3584 1630 3810 1722 Epicu-

893 1730 949 1803 ri
992 1728 1056 1798 &
1097 1725 1465 1800 Democriti
1524 1723 1811 1820 discipuli
1855 1724 1891 1799 ,⁹
1946 1732 2122 1803 unde
2181 1747 2561 1805 atomorum
2619 1730 2898 1809 loliditas
2939 1731 3514 1825 impenetrabiutas
3540 1730 3585 1802 ἒ

1092 1882 1268 1955 Haec
1307 1884 1530 1955 omnia
1579 1881 1618 1953 ὲ
1663 1878 1726 1952 st.
1777 1852 1951 1976 ipsis⁸
1979 1883 2340 1959 extiterunt
2366 1937 2388 1973 ,
2439 1887 2549 1959 ais.
2624 1877 2878 1959 Mirum
2917 1907 3090 1962 certe
3127 1939 3149 1975 ,
3196 1888 3391 1981 quod
3430 1892 3535 1962 hic
3581 1888 3806 1985 perfec-

899 1976 1181 2057 tiffimus
1225 1978 1536 2051 existendi
1584 1979 1826 2051 modus
1855 2031 1879 2065 ,
1926 1982 2105 2074 quod
2163 1981 2494 2057 neceffitas
2517 1987 2751 2080 ‚quod
2800 1985 3299 2080 independentia
3329 2036 3353 2073 ,
3401 1989 3584 2082 quod
3634 2008 3805 2060 aeter·

899 2084 1067 2155 nitas
1108 2097 1379 2170 negatur
1430 2077 1583 2148 Enti
1633 2078 1945 2148 omnium
1998 2075 2463 2171 perfecliffimo
2495 2133 2519 2170 ,
2563 2084 2865 2159 omnium
2928 2110 3150 2158 rerum
3201 2090 3453 2160 auctori
3479 2139 3504 2174 ‚
3544 2085 3804 2159 infinitae

906 2177 1223 2273 potentiae
1247 2223 1271 2260 ,
1319 2172 1648 2267 sapientire
1697 2176 1762 2247 &
1808 2172 2182 2260 bonitatis3
2237 2182 2305 2253 ἃ
2354 2178 2667 2277 tribuitur
2710 2184 2886 2256 inani
2909 2234 2932 2271 ,
2985 2185 3124 2256 imo
3175 2206 3315 2257 tam
3367 2182 3805 2265 innumerabili

900 2295 1288 2349 atomorum
1333 2272 1755 2345 multitudini.

990 2512 999 2519 ,
1102 2428 1231 2510 Sed
1279 2429 1342 2500 &
1391 2428 1520 2497 hoc
1563 2419 1917 2497 absurdum
1973 2426 2182 2498 oritur
2232 2451 2315 2498 ex
2372 2426 2716 2521 hypothesi
2759 2431 3020 2526 Epicuri
3049 2443 3096 2506 ἐ
3160 2438 3326 2508 Non
3369 2458 3628 2511 tantum
3659 2436 3801 2510 fata-

922 2525 996 2596 lis
1040 2522 1372 2599 neceffitas
1411 2524 1780 2597 Stoicorum
1804 2572 1828 2609 ,
1882 2520 1988 2594 sed
2050 2523 2382 2599 neceffitas
2423 2526 2618 2622 longe
2672 2530 2882 2622 major
2911 2583 2934 2620 ‚
3005 2558 3206 2626 quam
3241 2532 3361 2630 ipfi
3394 2539 3593 2611 Stoici
3632 2536 3805 2611 statu·

914 2643 1058 2696 unt.
1159 2625 1231 2697 Si
1274 2624 1457 2696 Deus
1514 2622 1706 2715 hujus
1753 2622 1984 2721 mundi
2025 2627 2256 2696 auctor
2294 2623 2594 2717 statuitur
2624 2677 2647 2714 ,
2693 2627 3010 2703 habemus
3038 2631 3312 2709 cauffam
3344 2633 3614 2708 liberam
3639 2656 3808 2706 mum

904 2722 984 2795 di
1016 2772 1036 2804 ,
1097 2747 1253 2815 quae
1306 2720 1660 2795 secundum
1706 2722 2030 2794 rationem
2074 2724 2140 2794 &
2185 2719 2532 2827 confilium
2571 2726 2706 2819 agit
2735 2777 2760 2812 ,
2814 2753 2952 2803 non
2995 2728 3500 2809 exmeceffitate
3555 2755 3808 2809 naturae.

930 2821 1138 2904 Qo'd
1179 2815 1230 2890 Γι
1266 2834 1426 2893 vero
1479 2819 1687 2893 atomi
1720 2815 1949 2892 cauffae
1999 2817 2149 2893 sunt
2200 2823 2480 2904 mundi3
2526 2821 2734 2897 cauffa
2783 2826 3014 2900 mundi
3074 2829 3410 2904 neceffaria
3442 2831 3578 2923 est,
3623 2831 3818 2928 qualia

934 2912 1113 2984 fiant'
1137 2919 1359 2987 omnia
1402 2919 1659 3008 agentia
1700 2917 2058 3004 naturalia,
2100 2919 2353 2992 ratione
2399 2922 2464 3016 ἃ
2496 2917 2793 2996 libertate
2839 2925 3159 3008 destituta.
3273 2928 3442 3002 Non
3478 2947 3820 3026 potuerunt

924 3010 1128 3106 igitur
1179 3033 1318 3081 non
1371 3012 1730 3105 producere
1786 3013 2113 3084 mundum
2138 3065 2161 3100 ‚
2200 3039 2282 3087 eo
2329 3036 2630 3111 tempore
2663 3069 2689 3107 ‚
2736 3047 2871 3114 quo
2906 3023 3359 3117 produxerunt
3400 3081 3427 3117 ‚
3492 3025 3582 3104 eo'
3621 3033 3760 3103 loco
3795 3078 3817 3114 ,

933 3133 1070 3204 quo
1117 3106 1574 3203 produxerunt
1600 3157 1624 3194 ,
1684 3106 1824 3198 ejus
1867 3126 2125 3182 naturae
2164 3112 2349 3204 cujus
2389 3114 2673 3189 mundus
2722 3118 2859 3202 est3
2912 3122 3221 3198 omnibus
3255 3125 3335 3197 iis
3365 3126 3824 3216 mutationibus

927 3207 1308 3283 obnoxium
1329 3256 1356 3295 ,
1409 3203 1650 3298 quibus
1677 3201 2006 3280 obnoxius
2047 3208 2157 3282 est.
2227 3209 2485 3288 Omnes
2509 3216 2738 3312 mundi
2760 3238 2971 3311 partes
2994 3215 3333 3298 neceffario
3359 3225 3503 3300 sunt
3524 3244 3598 3297 ut
3634 3222 3817 3302 sunt3

928 3309 1127 3397 Quin
1175 3306 1374 3378 etiam
1419 3328 1647 3378 omnes
1692 3300 1946 3398 spiritus
1972 3356 1996 3393 ,
2058 3334 2290 3383 omnes
2337 3329 2586 3383 mentes
2614 3363 2638 3400 ,
2696 3341 2848 3410 quae
2890 3316 3090 3396 bruto
3144 3330 3515 3400 atomorum
3563 3345 3818 3398 concur·

930 3405 1013 3480 su
1051 3404 1246 3486 faCtae
1284 3401 1435 3477 sunt'
1461 3454 1485 3491 ‚
1534 3402 1872 3477 neceflario
1930 3402 2191 3502 fingulis
2234 3403 2588 3484 momentis
2630 3437 2834 3508 agunt
2856 3466 2880 3501 ‚
2925 3421 3213 3511 cogitant
3237 3472 3259 3506 ‚
3308 3425 3486 3518 quod
3527 3424 3815 3517 cogitant.

928 3506 1199 3575 Omnes
1246 3504 1675 3598 cogitationes
1724 3504 2239 3596 producerentur
2298 3532 2382 3579 ex
2439 3510 2553 3582 tali
2577 3511 2918 3584 'concursu
2963 3535 3340 3592 atomorum
3363 3574 3387 3608 ,
3453 3548 3542 3595 ex
3605 3520 3820 3616 quibus

940 3598 1256 3776 }onstant.
1284 3603 1547 3676 'Actum
1586 3598 1676 3673 est
1720 3602 1803 3673 de
1860 3601 2159 3680 libertate
2198 3656 2224 3694 ,
2282 3597 2503 3678 actum
2545 3605 2633 3708 de·
2672 3613 3109 3706 contingentia
3129 3666 3154 3703 ‚
3187 3622 3412 3694 actum
3451 3622 3536 3694 de
3584 3620 3723 3694 oesu
3770 3618 3827 3688 δι·

976 3716 1232 3769 ortuna.

1137 3844 1392 3918 Frustra
1424 3846 1620 3939 igitur
1662 3846 1960 3938 Epicurei
2010 3869 2238 3922 contra
2283 3849 2491 3925 fisum
2520 3857 2813 3932 Stoicum
2860 3860 3238 3956 disputant3
3291 3869 3486 3967 longe
3532 3875 3831 3966 majorem

936 3934 1329 4018 fatalitatem
1347 3942 1680 4028 statuunt,
1734 3964 1933 4035 quam
1985 3943 2102 4038 ipfi
2151 3948 2366 4020 Stoici.
2423 3953 2699 4027 ”Frustra
2724 3959 2879 4031 alios
2917 3962 3334 4061 philosophos
3363 3974 3440 4042 ‘iu
3467 3970 3831 4045 sententiam

950 4038 1151 4113 suam.
1184 4039 1550 4151 pertrahere
1599 4039 1852 4112 volunt.
1931 4045 2138 4134 Qod
2182 4047 2357 4118 enim
2413 4049 2478 4119 hi
2516 4052 2748 4144 hujuS,
2796 4059 2920 4130 alii·
2953 4059 3211 4135 alterius
3269 4064 3420 4139 sunt
3469 4069 3830 4149 sententiae,

951 4132 1363 4215 neeeffanum
1389 4133 1526 4222 est,
1568 4136 2022 4212 &necessario
2066 4141 2212 4216 fluit
2246 4167 2329 4215 ex
2361 4147 2469 4218 tali
2528 4150 3341 4246 dispositioneatomorum
3366 4215 3390 4252 ,
3448 4170 3622 4259 quali
3671 4185 3834 4242 mens

904 4229 1399 4346 ..quorumlibet
1448 4234 1713 4312 constat.
1794 4237 1999 4319 Nulla
2048 4241 2142 4313 est
2180 4242 2623 4340 Philosophi23
2687 4253 2883 4324 nullae
2945 4258 3026 4330 de
3090 4258 3347 4334 summo
3406 4261 3592 4339 bono
3644 4263 3836 4358 dispu-

944 4351 1270 4414 tationess
1314 4330 1567 4404 nullum
1604 4331 1946 4412 discrimen
1989 4335 2239 4413 boni&
2268 4342 2437 4414 mali.
2487 4344 2824 4419 Permittat
2871 4350 2932 4423 se
2974 4358 3250 4450 quilibet
3293 4377 3676 4439 atomorum
3711 4383 3837 4434 mo-

874 4525 883 4534 ι
964 4425 1472 4522 ωἰωεείῖἒιτὶο,
1520 4436 1633 4530 qui
1676 4438 1920 4510 mutari
1967 4460 2106 4510 non
2148 4437 2387 4532 potest.

3657 4565 3833 4687 ’Sed
