4188 5670
1013 255 2316 328 ³>Pn-or1'ren‘rt-um.
3084 273 3217 342 245

361 425 753 524 superstitio?
803 432 978 503 Cum
1010 425 1302 523 peffimae
1344 429 1413 504 sc
1452 427 1997 526 perniciostffimae
2026 428 2500 524 superstitiones
2526 482 2548 517 ,
2596 459 2732 505 non
2749 435 2942 506 aliam
2967 430 3246 503 habeant

359 525 679 613 mulsam,
731 554 934 623 quam
957 526 1163 626 ipsum
1218 528 1622 602 atheismum.
1701 533 1836 618 Qi
1879 533 2056 599 enim
2099 529 2255 599 tales
2307 530 2562 621 populis
2607 532 3054 616 tradiderunt,
3114 554 3250 600 non

354 624 464 719 ips:
509 625 911 719 superstitiosi
964 630 1028 700 &
1090 628 1330 700 creduii
1373 628 1673 714 fuerunt,
1729 626 1836 699 sed
1880 625 2053 696 athei
2098 626 2377 697 aliorum
2438 626 2817 700 credulitate
2885 623 3249 717 abutentes.

353 726 530 798 Nihil
582 729 794 798 minus
832 728 1011 798 enim
1051 726 1496 814 crediderunt,
1543 724 1745 819 quam
1808 723 1987 819 quod
2037 724 2170 794 aliis
2215 722 2605 798 credendum
2662 723 3119 809 obtruserunt‚
3179 743 3255 793 ut

353 825 470 894 hos
515 817 636 892 fibi
682 826 885 916 magis
932 822 1308 895 obedientes
1345 826 1410 895 &
1459 821 1782 895 obnoxios
1821 820 2185 894 redderent.
2283 823 2455 894 Haec
2490 825 2709 919 potius
2752 827 2823 894 in
2858 823 3092 894 animis
3130 819 3252 890 suis

351 918 624 992 riserunt
672 923 738 992 &
775 919 1260 993 subsannarunt.
1340 923 1428 993 Et
1471 946 1583 992 cur
1627 945 1767 992 non.
1795 919 2078 992 riderent
2121 918 2156 991 ‚⁹
2221 920 2519 993 Mirabile
2585 921 2836 994 videtur
2858 971 2880 1007 ,
2965 920 3178 1010 inquit
3221 966 3248 1002 ‚

353 1019 410 1090 C
440 1039 467 1090 1
492 1039 537 1090 c
562 1041 602 1090 Ε
626 1039 672 1089 n
700 1038 747 1090 o
774 1069 799 1105 ,
900 1020 1026 1092 uod
1071 1044 1187 1090 non
1223 1020 1422 1090 rideat
1473 1015 1764 1111 hta-aspen
1795 1068 1842 1114 ².
1875 1025 2017 1088 cum
2069 1016 2436 1108 haruspicem
2499 1021 2751 1093 viderit.
2866 1019 3060 1090 Certe
3109 1015 3249 1086 nul·
3296 1065 3394 1122 Lib
3443 1071 3481 1131 d

348 1115 442 1186 las
488 1141 628 1186 non
679 1045 1148 1209 superstitiones
1185 1108 1564 1190 hominibus
1613 1112 2061 1211 propinabunt
2093 1116 2266 1188 athei
2321 1165 2347 1202 ‚
2409 1115 2783 1190 dummodo
2830 1116 2963 1188 illas
3008 1115 3091 1186 ad
3131 1113 3248 1185 do-
3300 1112 3431 1213 Ναὶ.
3448 1092 3626 1226 Deemg

347 1215 680 1285 minatum
710 1211 902 1286 suum
937 1212 1395 1287 stabiliendum
1442 1215 1630 1287 utiles
1677 1213 1958 1287 credant.

546 1366 696 1454 Sed,
741 1367 990 1463 inquiet
1060 1369 1287 1462 aliquis
1314 1421 1339 1463 ,
1390 1369 1657 1447 testatur
1700 1366 2100 1468 experientia
2132 1419 2157 1457 ‚
2214 1365 2684 1463 persuasionem
2735 1371 2912 1444 illam
2982 1368 3065 1441 de
3116 1359 3246 1443 De¹

349 1464 685 1540 existentia
739 1490 878 1539 non
917 1490 1058 1540 tam
1110 1464 1346 1540 efficait
1402 1467 1762 1545 remedium
1822 1469 1942 1546 effe
1963 1520 1990 1559 ,
2036 1469 2118 1541 ad
2158 1468 2453 1540 homines
2503 1471 2540 1537 ἐι
2588 1468 2966 1541 criminibus
3012 1467 3249 1539 abster-

346 1559 586 1637 ren'dos
616 1591 643 1645 ‚-
673 1588 828 1636 cum
865 1589 942 1637 ea
987 1592 1125 1639 non
1171 1565 1468 1639 obstante
1512 1590 1786 1659 regnent
1830 1570 1999 1642 inter
2054 1592 2167 1640 eos
2187 1616 2210 1654 ,
2266 1565 2383 1658 qui
2425 1566 2505 1638 de
2544 1591 2621 1638 ea
2664 1561 3112 1662 persuafiffimi
3153 1567 3249 1637 vi·

348 1661 587 1733 dentur
623 1711 647 1748 ‚
688 1679 794 1735 tot
844 1667 1005 1737 vitia
1058 1666 1124 1736 &
1173 1664 1446 1753 scelera,
1496 1684 1571 1738 ut
1607 1667 1861 1760 concipi
1908 1683 2190 1760 nequeat
2212 1715 2235 1750 ,
2281 1662 2620 1755 quomodo
2642 1666 2907 1756 'pejores
2958 1660 3075 1734 effe
3108 1663 3251 1754 pos·

345 1754 486 1831 sent
510 1809 535 1847 ,
582 1752 635 1831 fi
695 1761 839 1856 quis
881 1765 970 1835 eis
1011 1764 1211 1850 hanc,'
1245 1787 1445 1857 quam
1483 1767 1566 1836 de
1588 1764 1721 1838 Dei
1758 1763 2094 1838 existentia
2134 1759 2381 1835 habent
2402 1810 2429 1848 ,
2486 1762 2864 1854 opinionem
2901 1757 3241 1836 ademiffet·

539 1895 734 1992 Resp.
783 1898 889 1969 Ex
919 1897 1049 1970 hoc
1093 1901 1311 1994 potius
1335 1901 1636 1974 concludi
1667 1901 1886 1999 ‚poflet
1931 1955 1958 1994 ,
2011 1931 2123 1979 eos
2183 1907 2316 1997 -qui
2339 1910 2431 1982 ita
2463 1908 2701 1981 vivunt
2720 1955 2745 1992 ,
2795 1904 2878 1976 de
2912 1903 3041 1975 Dei
3092 1897 3250 1970 exis-

345 2000 558 2074 tentia
590 2046 615 2082 ,
655 2019 856 2089 quam
909 1993 1301 2086 profitentur
1341 2001 1597 2072 credere
1623 2049 1647 2086 ‚
1687 2027 1826 2075 non
1869 2000 1987 2076 effe
2035 1998 2365 2098 persuasos
2397 2036 2424 2091 ,-
2500 2002 2818 2092 fiquidem
2861 2001 2930 2072 in
2992 2001 3067 2074 iis
3109 2022 3246 2069 non

346 2097 639 2170 cernitur
698 2087 965 2164 effeetus
1017 2095 1210 2186 hujus
1260 2093 1675 2188 persuafionis
1699 2152 1723 2187 ‚
1783 2124 2019 2194 quem,
2056 2100 2111 2174 fi
2147 2098 2425 2191 adeflet,
2465 2099 2753 2175 haberet.
2876 2100 3002 2172 Sed
3042 2119 3241 2190 pona-

345 2221 503 2268 mus
550 2215 662 2266 eos
680 2242 708 2279 ,
752 2193 866 2282 qui
895 2192 985 2262 ita
1019 2192 1295 2283 vivunt,
1334 2195 1460 2266 Dei
1489 2195 1888 2271 existentiam
1916 2202 2058 2273 imo
2083 2203 2148 2273 &
2170 2201 2655 2275 Providentiam
2676 2198 2952 2274 credere·
3061 2199 3239 2281 Qae
3300 2226 3306 2232 “

347 2294 668 2368 credimus
701 2288 859 2371 nihil
910 2287 981 2359 in
1030 2288 1225 2361 nobis
1277 2289 1616 2379 efficiunt,
1644 2293 1788 2366 niti
1824 2297 1907 2368 de
1963 2301 2039 2370 iis
2110 2295 2282 2393 saepe
2334 2301 2696 2396 cogitamus
2725 2347 2749 2385 ,
2823 2318 3027 2388 eaque
3075 2290 3235 2363 serio

344 2390 801 2488 perpendimus
833 2415 854 2465 3
903 2386 972 2458 id
1018 2390 1199 2482 quod
1241 2391 1344 2461 hic
1391 2415 1627 2485 magna
1672 2418 1818 2485 pars
1852 2396 2203 2469 hominum
2244 2399 2536 2492 negligit.
2642 2394 2827 2485 Qid
2869 2390 3051 2487 quod
3092 2390 3239 2460 haec

344 2484 669 2586 persuafio
699 2509 840 2558 non
889 2481 1031 2556 satis
1073 2487 1200 2563 alte
1246 2489 1314 2565 in
1361 2487 1818 2583 plerorumque
1865 2493 2161 2564 animum
2193 2511 2491 2587 penetrat
2520 2544 2542 2579 ‚
2595 2514 2674 2585 ut
2695 2513 2991 2564 amorem
3013 2491 3078 2559 ὃς
3097 2508 3238 2556 me-

343 2609 499 2661 tum
555 2583 869 2656 Numinis
915 2582 986 2652 in
1034 2583 1109 2653 iis
1166 2583 1524 2675 producat,
1572 2586 1815 2658 aliosve
1860 2583 2137 2662 affectus
2172 2641 2194 2677 ,
2231 2593 2344 2683 qui
2378 2570 2719 2662 affectibus
2771 2583 3015 2662 vitiosis
3041 2636 3064 2670 ,
3122 2582 3240 2653 cci-

343 2689 534 2758 mina
577 2677 994 2750 suadentibus
1050 2683 1116 2750 &
1152 2681 1444 2753 homines
1487 2683 1570 2753 ad
1647 2708 1724 2754 ea
1769 2681 2239 2780 abripientibus
2260 2738 2288 2781 ,
2347 2686 2558 2763 valide
2623 2683 2905 2760 resistere
2931 2732 2957 2771 ,
3006 2707 3087 2757 eo
3159 2701 3241 2750 ue

342 2778 695 2857 retundere
739 2769 1006 2871 poffint.
3153 2819 3158 2828 .

538 2932 844 3027 Denique
870 2955 1006 3006 non
1032 2929 1285 3024 desunt,
1307 2940 1443 3030 qui,
1475 2948 1624 3012 cum
1665 2943 1796 3018 Dei
1837 2945 2237 3024 existentiam
2281 2970 2514 3045 negare
2545 2973 2682 3022 non
2722 2923 2990 3043 poffint,
3020 2950 3278 3025 Deum.

348 3032 467 3110 fibi
519 3032 783 3126 fingunt
827 3031 910 3103 ad
955 3031 1266 3128 placitum
1291 3084 1314 3121 ‚
1355 3038 1679 3133 talemque
1731 3044 1789 3115 ei
1829 3044 2135 3119 tribuunt
2176 3044 2544 3121 bonitatem
2570 3100 2594 3135 ‚
2658 3048 3159 3123 misericordiam
3180 3050 3247 3116 &

349 3130 911 3238 longanimitatem
943 3179 968 3216 ,
1006 3142 1097 3240 ut·
1130 3132 1374 3242 nuliam
1411 3133 1693 3212 habeant
1734 3141 2006 3218 cauffam
2050 3195 2076 3232 ‚
2138 3145 2449 3237 justitiam
2504 3147 2641 3237 ejus
2672 3149 2737 3217 ὃς
2792 3170 3020 3243 poenas
3064 3144 3252 3215 scele-

351 3259 498 3310 rum
526 3250 864 3318 tantopere
910 3230 1243 3300 metuendi
1276 3227 1349 3301 12.
1705 3240 1712 3249 ·
2345 3289 2353 3295 ,

551 3373 672 3455 Sed
717 3401 1296 3487 quantumcunque
1335 3341 1551 3487 *yetus*
1571 3383 1767 3480 hujus
1813 3387 1970 3467 fidei
2001 3358 2269 3464 effeetus
2312 3395 2383 3464 in
2416 3360 2827 3483 'quibusdan
2862 3344 3247 3463 hominibus

352 3478 742 3575 impediatur
774 3511 801 3564 ‚-
852 3502 1073 3553 tamen
1113 3507 1205 3574 apt
2871 3486 2997 3564 'unt
3031 3482 3244 3559 imbu-

351 3578 400 3649 ti
427 3629 449 3665 ,
503 3579 788 3670 multum
837 3579 1087 3673 potest,
1140 3581 1203 3652 &
2871 3586 3240 3669 idos.„1mo
3269 3584 3284 3591 ⁶

354 3676 432 3748 de
458 3669 731 3770 singulis,
749 3677 1014 3774 ‚quoque
1047 3679 1200 3754 dici·
2892 3704 3076 3774 ‚tam
3106 3707 3241 3757 ma-
3271 3765 3279 3772 ‚

357 3772 495 3847 lum
545 3770 663 3849 effe
694 3815 717 3861 ,-
764 3777 859 3860 ut
888 3775 1070 3861 idem'
1102 3773 1205 3873 ¹pej
2871 3803 2972 3865 εις
3022 3783 3235 3873 pauci..

357 3896 480 3963 que
525 3865 890 3976 ‚adeogspnfi
931 3874 1159 3968 impii,
1199 3904 1205 3936 ι
2871 3935 2896 3971 ,
2954 3906 3090 3956 non
3137 3883 3236 3955 vi·

357 3969 550 4041 deant
573 4010 598 4057 5
634 3970 697 4044 se
761 3972 1124 4066 aliquando*
1165 3979 1203 4040 a
2871 3981 2994 4053 ‚inis
3039 4002 3239 4055 metu

358 4065 533 4169 fuisse
578 4067 929 4144 abstrastos
954 4097 981 4151 ‚-
1024 4089 1145 4150 aut
1192 4095 1205 4140 ε
2871 4078 3235 4175 :ompulsos.
3307 4117 3323 4142 ι

558 4220 1024 4293 concludimus
1078 4224 1271 4319 igitur
1323 4224 1588 4299 tandem
1613 4274 1637 4312 ‚
1686 4223 2090 4300 veriffimum
2135 4220 2253 4301 effe
2275 4280 2300 4317 ‚
2343 4229 2524 4325 quod
2569 4227 2655 4302 ab
2692 4232 2878 4304 initio
2919 4230 3242 4311 diximus‚'

365 4314 652 4413 ῧὼθῖᾗᾩὶ
708 4340 1192 4431 Pmpugnatqne
1239 4371 1268 4406 ο
1341 4323 1698 4412 θίῖὲ..,Ιιοιυ’
1744 4327 2082 4423 esgeneri
2111 4329 2437 4496 ..ἓξιᾶηῃιηο4
2473 4324 3031 4445 perniciosissimos
3074 4375 3100 4412 ‚
3170 4327 3237 4395 dc

363 4347 1327 4519 proptereassa'qquamdhoifes
1352 4407 1592 4508 domnis
1635 4409 1806 4516 fiatis
1843 4420 1960 4524 effe
1984 4401 2128 4518 dete
2214 4412 2405 4519 ‚nd‘osL
2491 4513 2497 4524 ¹
2836 4488 2840 4495 .

512 4507 1287 4624 ,Werefflffiqi'ogtficqlq
1317 4483 1781 4628 ξιέᾳῳηιῑκῑ
1835 4523 1889 4594 ·,
1960 4529 1981 4577 ·-
2117 4524 2152 4537 ’·
2200 4504 2473 4639 ‘irjfgg
2558 4561 2566 4567 -
2613 4530 2619 4538 ·
2849 4510 3246 4587 CAPUT

1680 4639 1700 4651 .
1755 4609 1981 4653 ‘1²·'···
2039 4603 2096 4630 ¹'
