4188 5670
931 297 1217 433 434v
1709 438 1716 447 .
1978 318 2790 415 ORA110''

921 515 1072 589 Nec
1096 530 1321 588 tamen
1359 514 1534 607 prius
1574 509 1933 607 periculum
1978 510 2021 579 ’Σι-
2056 503 2291 582 nostris
2324 503 2689 584 oervicibm
2727 518 2870 578 erut
2911 502 3255 603 depulsum
3291 507 3336 600 ',
3395 522 3638 608 quam
3678 498 3902 587 immil

924 637 1083 686 nens
1114 611 1515 707 hypocausto
1556 609 1866 685 conclave
1898 631 2071 703 aqua
2122 632 2150 693 ,'
2201 628 2356 698 quae
2392 624 2552 679 tum
2592 605 2770 701 forte
2809 600 3080 680 fortuna
3130 609 3213 681 ad
3262 608 3420 682 usus
3473 610 3894 684 domesticos

922 713 1154 803 majori
1177 711 1364 804 copia
1407 708 1670 793 aderat,
1722 724 1945 780 totum
1972 705 2180 779 ferme
2231 702 2632 779 inundatum
2659 700 2828 777 effet.
2908 705 3185 792 Semper
3211 708 3564 782 creditum
3598 709 3646 779 ὲ
3703 707 3895 782 nobis

920 808 1012 882 est
1028 859 1050 896 ,
1086 810 1326 881 nostras
1365 806 1658 879 fortunas
1682 856 1704 891 ‚
1739 804 2051 900 quodque
2089 800 2185 874 his
2241 800 2436 897 longe
2480 824 2622 879 erat
2649 797 2992 899 pretiofius
3018 830 3039 885 3
3068 805 3280 878 vitam
3308 804 3538 881 nostri
3583 807 3872 880 Buxtor-

796 952 803 959 -
916 905 990 980 fii
1034 904 1336 1001 singulari
1375 927 1534 978 tunc
1562 904 1687 975 Dei
1733 902 2156 997 providentia
2204 897 2386 973 fiiiffe
2431 901 2860 976 conservatas.
2944 902 3156 991 Qud
3204 900 3257 975 fi
3299 906 3501 978 enim
3552 914 3676 978 aer
3699 955 3724 991 ,
3775 906 3888 998 qui

918 1004 1083 1081 aestu
1127 1002 1447 1099 expansus
1494 999 1873 1074 cubiculum
1915 999 2173 1094 aperuit
2214 1047 2239 1084 ,
2297 999 2505 1072 alium
2556 1001 2813 1076 exitum
2868 996 3254 1084 invenissem
3308 999 3610 1076 flamma
3673 1019 3884 1079 totum

919 1106 1098 1176 illam
1143 1105 1391 1178 aedium
1440 1120 1695 1196 partem
1721 1096 2117 1193 corripuisset
2139 1148 2163 1185 ,
2208 1115 2570 1193 antequam
2583 1100 2656 1172 id
2696 1099 2734 1170 a
2788 1122 3153 1195 quoquam
3180 1096 3394 1176 suffit
3458 1101 3884 1175 animadver-
3949 1168 3952 1171 .

921 1200 1066 1276 sum
1088 1252 1113 1289 ,
1157 1220 1555 1297 omnemque
1591 1198 1840 1274 Nostro
1870 1195 2192 1272 evadendi
2220 1193 2400 1270 viam
2443 1193 2875 1294 praeclufiffet.

1014 1466 1023 1475 .
1120 1404 1353 1492 Qum
1379 1423 1538 1477 vero
1556 1397 1744 1485 „Deus
1767 1392 1961 1471 rebus
1996 1406 2203 1475 etiam
2254 1393 2537 1472 adversis
2581 1395 2734 1473 suos
2763 1393 3044 1496 probare
3076 1394 3320 1489 &leotz
3357 1420 3599 1494 neque
3632 1394 3718 1477 N
3713 1397 3878 1474 oster

920 1498 1203 1575 tristitiae
1230 1498 1625 1593 argumentis
1674 1521 1970 1592 unquam
2003 1499 2073 1570 in
2121 1497 2260 1570 vita
2297 1496 2524 1595 caruit.
2605 1496 2828 1571 Matre
2867 1495 3231 1572 admodum
3269 1522 3439 1595 puer
3463 1546 3493 1585 ‚
3527 1498 3731 1571 Patre
3783 1521 3864 1573 eo

920 1598 1220 1693 'tempore
1248 1593 1516 1669 orbatus
1546 1592 1637 1669 est
1681 1644 1704 1683 ‚
1761 1622 1898 1690 quo
1926 1598 2214 1670 maxime
2263 1595 2402 1687 ejus
2426 1620 2553 1692 ope
2597 1598 2664 1668 δι
2711 1590 2977 1670 consilio
3019 1592 3372 1691 indigebat.
3455 1592 3754 1670 'Extulit
3790 1596 3864 1666 -li-

921 1693 1117 1769 beros
1144 1747 1166 1784 ‚
1211 1695 1293 1767 de
1332 1680 1571 1789 quibus
1633 1694 1885 1768 summa
1917 1718 2199 1791 quaeque
2225 1691 2560 1788 sperabat,
2588 1696 2654 1769 &
2712 1695 2824 1790 qui
2863 1718 3111 1791 magno
3170 1696 3234 1767 ei
3265 1692 3858 1783 solatio‘fiierunt:

920 1792 1124 1888 usque
1158 1794 1360 1867 oculis
1397 1796 1537 1888 ejus
1570 1791 1740 1866 filius
1774 1790 2247 1868 obversabatur
2276 1843 2301 1881 ,
2333 1794 2590 1879 diutino
2643 1791 2883 1866 morbo
2916 1795 2987 1866 in
3015 1790 3301 1885 flebilem
3344 1791 3598 1867 (tantm
3642 1793 3851 1865 redac-

922 1910 1051 1966 tus.
1154 1894 1235 1967 In
1276 1894 1601 1988 proximis
1670 1908 1938 1989 quoque
1999 1891 2247 1988 semper
2294 1892 2547 1965 invenit
2596 1891 2862 1965 dolendi
2907 1891 3276 1966 materiam.
3371 1891 3589 1966 Flevit
3619 1886 3840 1960 funeta

906 1984 1348 2090 ‚Celeberrimi
1405 1992 1672 2077 Soceri,
1725 1994 1791 2063 &
1817 2042 1841 2079 ,
1879 1992 1991 2085 qui
2044 1992 2114 2064 in
2158 1990 2380 2066 Soceri
2425 1990 2651 2064 locum
2708 1992 2775 2063 &
2810 1984 3123 2062 affectum
3158 1986 3456 2063 succeffit
3497 2041 3522 2076 ,
3569 1981 3831 2079 Ampliffi

923 2088 1194 2180 Consulis
1218 2093 1485 2186 Krugii3
1526 2087 1672 2183 post
1714 2090 1781 2161 &
1810 2090 2047 2163 Socrus
2080 2084 2470 2163 chariffimae
2496 2140 2521 2176 ‚
2572 2086 2757 2180 cujus
2793 2086 3038 2163 ocellus
3063 2088 3130 2161 ἃ
3159 2083 3730 2161 delicium'suerat:
3761 2100 3838 2178 ut

921 2207 1178 2264 taceam
1212 2210 1540 2284 magnum
1593 2208 1948 2260 numerum
2003 2189 2531 2282 propinquorum
2584 2189 2650 2260 &
2684 2187 3050 2259 amicorum
3107 2180 3774 2279 conjunffiffimorum
3813 2206 3837 2252 ε

922 2314 1090 2382 quos
1143 2288 1312 2359 inter
1349 2286 1487 2359 duo
1543 2286 1839 2381 inprimis
1876 2283 2149 2359 fuerunt
2176 2282 2417 2360 nostrae
2449 2282 2752 2359 Ecclefiae
2785 2281 3118 2358 Antistites
3149 2313 3175 2367 ς
3211 2284 3450 2378 quibus
3497 2282 3667 2353 vivis
3688 2301 3829 2351 om·

919 2388 1032 2457 nia
1060 2385 1329 2469 credidit
1358 2436 1381 2471 ,
1437 2381 1783 2457 defunctos
1805 2433 1830 2471 ,
1886 2403 1967 2456 ut
2020 2384 2330 2457 Parentes
2351 2432 2379 2471 ,
2429 2384 2820 2477 deploravit.
2925 2378 3392 2477 Ingemiscebat
3451 2373 3821 2474 generosum

919 2485 1147 2577 pestus
1175 2480 1345 2576 saepe
1369 2485 1434 2556 δι
1464 2481 1739 2575 publicis
1774 2483 1956 2554 malis
1995 2503 2016 2549 z
2065 2484 2133 2555 &
2157 2530 2181 2569 ,
2214 2506 2370 2577 quae
2416 2479 2549 2553 sors
2588 2479 2700 2552 est'
2725 2479 3194 2574 perspicaciam
3234 2480 3513 2553 virorum
3535 2526 3560 2563 ,
3614 2473 3822 2546 muln

918 2581 993 2654 in
1024 2582 1151 2654 hoc
1173 2603 1412 2674 genere
1430 2576 1830 2672 observabat
1852 2631 1875 2666 ,
1915 2606 2069 2674 quae
2099 2581 2337 2675 vulgus
2388 2579 2743 2653 hominum
2773 2630 2797 2667 ,
2852 2602 3140 2677 quorum
3163 2629 3188 2666 ,
3220 2597 3300 2651 ut
3336 2579 3428 2651 ait
3454 2575 3576 2662 ille,
3601 2573 3824 2662 jucam-

919 2677 1163 2773 'dtffima
1186 2684 1264 2776 est
1286 2688 1352 2754 in
1377 2679 1781 2777 nonsizpiendo
1808 2684 1972 2769 vita,
2003 2699 2122 2771 aut
2140 2704 2278 2753 non
2306 2675 2789 2773 animadvertit,
2824 2695 2942 2750 aut
2969 2702 3110 2750 non
3132 2676 3222 2750 ad
3233 2677 3533 2784 animum
3552 2685 3834 2746 revocat.

1116 2876 1467 2953 Habitavit
1511 2899 1824 2973 praeterea
1878 2882 2141 2952 animus
2199 2876 2343 2971 ejus
2384 2876 2537 2952 inde
2569 2878 2606 2948 a
2644 2897 2856 2969 puero
2916 2875 2987 2947 in
3033 2873 3368 2949 domicilio
3408 2869 3584 2945 haud
3616 2889 3832 2965 parum

921 2970 1165 3067 fragili:
1197 2977 1444 3049 asthma
1467 2978 1610 3069 jam
1638 2979 1709 3049 in
1732 2977 2135 3050 adolescente
2194 2973 2721 3049 aniinadversum
2749 2971 3029 3048 brevem
3065 2976 3126 3045 ei
3174 2971 3383 3045 vitam
3432 2970 3716 3052 minitari
3750 2965 3834 3037 vi·

922 3068 1226 3144 debatur.
1293 3069 1734 3146 Succefferunt
1761 3074 1913 3144 huic
1933 3073 2250 3146 arthritici
2273 3074 2535 3147 dolores
2554 3121 2578 3158 ,
2636 3094 2806 3167 quos
2830 3072 3184 3164 aliquando
3230 3068 3677 3163 Cantabrigiae
3720 3086 3826 3159 per

907 3190 1058 3245 ·tres
1092 3167 1543 3243 hebdomadas
1588 3165 1781 3262 sensit
1837 3166 2260 3244 aeutiffimos.
2364 3168 2516 3244 Nec
2554 3170 2866 3241 immunis
2897 3187 3064 3243 erate
3088 3173 3129 3240 ὲ
3175 3169 3542 3264 nephritico
3581 3162 3820 3238 morbo.

924 3268 1246 3363 Podagrae
1291 3293 1453 3343 veto
1490 3262 1733 3341 crebris
1763 3318 1788 3355 ,
1812 3267 2035 3364 longis
2064 3319 2088 3356 ,
2125 3269 2192 3340 ἃ
2242 3267 2548 3342 violentis
2583 3264 2933 3339 insultibus
2957 3286 3365 3362 quantopere
3414 3289 3647 3360 corpus
3699 3264 3829 3353 ejus

922 3388 1316 3450 enervatum
1337 3366 1852 3450 &debilitatum
1877 3364 2084 3443 fuerit
2106 3418 2129 3453 ‚
2183 3389 2417 3442 omnes
2442 3367 2779 3440 novimus.
2840 3362 3123 3440 Acceffit
3163 3366 3252 3438 ad
3274 3358 3442 3439 baec-
3461 3378 3833 3458 perpetuum

928 3470 994 3541 δι
1046 3466 1538 3541 Ιιεεπεάιιᾰτίιιῐὴ
1590 3466 1843 3538 malum
1867 3517 1892 3553 ‚
1945 3465 2129 3561 quod
2175 3489 2332 3538 eum
2378 3488 2516 3538 non
2567 3469 2605 3536 a
2636 3463 2829 3538 Patre
2857 3481 3122 3536 tantum
3165 3460 3273 3536 sed
3318 3465 3358 3553 ἐι
3396 3463 3621 3535 Matre
3656 3460 3829 3548 etiam

926 3562 1187 3640 traxiffe
1218 3563 1391 3660 saepe
1427 3563 1675 3638 audivi‘
1700 3592 1726 3645 3
1761 3565 2012 3638 malum
2060 3563 2363 3658 intelligo
2393 3601 2440 3648 ·,
2488 3564 2671 3656 quod
2737 3561 2809 3633 in
2855 3559 3082 3655 splene
3126 3557 3544 3664 potiffirnum
3581 3553 3820 3632 relidere

858 3675 863 3681 ’
930 3663 1136 3756 vulgo
1158 3723 1162 3728 .
1183 3666 1466 3744 ‚creditur
1521 3692 1540 3736 z
1573 3663 1750 3736 unde
1775 3681 1945 3746 ,orm
1991 3663 2351 3757 aliquando
2393 3658 2608 3734 fuerat
2655 3660 2825 3732 mira
2876 3661 2945 3732 &
3011 3657 3270 3748 insolita
3318 3659 3679 3733 multotum
3722 3671 3819 3721 81¹·

930 3782 1176 3835 norum
1210 3760 1483 3846 ἀπεψίαι
1516 3783 1539 3790 ”
1573 3760 1782 3855 Qiod
1818 3760 2086 3856 quidem
2129 3760 2383 3834 malum
2429 3784 2513 3832 ne
2562 3752 3038 3845 exacerbaret‚'
3083 3756 3310 3830 studiis
3357 3755 3421 3832 se
3464 3773 3676 3830 totum
3709 3765 3825 3821 tra-

816 3859 819 3862 ’
930 3855 1085 3930 dere
1125 3862 1265 3927 non'
1290 3853 1580 3932 audebat
1606 3910 1631 3947 ,
1669 3883 1791 3934 nec
1832 3884 1909 3931 ea
1962 3858 2280 3952 suscipere
2297 3905 2324 3944 ‚
2372 3881 2532 3949 quae
2557 3857 2884 3948 majorem
2941 3856 3009 3927 δι
3055 3856 3426 3950 longiorem
3471 3851 3834 3928 animinon-

929 3954 1317 4028 tentionem'
1330 3952 1688 4046 poscebant
1708 3983 1729 4026 ε
1771 3952 1996 4049 flag-am
2039 3954 2345 4049 solimriae
2385 3959 2547 4028 vitae
2574 3999 2599 4039 ‚
2646 3955 2714 4025 3:
2751 3971 3042 4047 captatas
3077 3951 3352 4027 fiibinde'
3410 3954 3626 4033 animi
3679 3943 3838 4023 exhi·

883 4145 889 4151 .
931 4049 1183 4130 mandi
1224 4048 1592 4131 occasiones
1624 4104 1652 4143 ‚
1686 4053 1975 4131 animans
2007 4050 2477 4144 ei-mitigando
2509 4051 2898 4126 remedium
2930 4048 3066 4124 effe.
3100 4069 3399 4126 noverat.

1168 4247 1324 4345 Jam
1375 4245 1529 4340 inde
1570 4244 1660 4321 ab
1703 4245 1957 4344 aliquot
1998 4248 2185 4322 annis
2226 4246 2574 4324 molestam
2626 4243 2902 4321 senserat
2948 4249 3234 4342 petitoris
3273 4246 3843 4323 oontrat‘tionemt

932 4372 1092 4446 quae
1135 4350 1203 4422 ἃ
1243 4345 1733 4441 respirationem
1782 4345 2099 4421 reddebat
2142 4342 2601 4421 >difficiliorem
2631 4396 2656 4434 ‚
2706 4347 2774 4418 ἃ
2823 4342 3021 4420 fimul
3067 4342 3376 4421 obstabat
3397 4396 3426 4433 ,
3466 4368 3613 4440 quo
3631 4343 3845 4417 minus

847 4515 856 4530 ,
940 4451 1159 4522 erecto
1174 4497 1200 4537 ‚
1239 4467 1325 4530 ut-
1345 4464 1497 4526 ante
1520 4497 1545 4533 ‚
1577 4469 1853 4540 corpore
1872 4446 2222 4526 incederet.
2286 4449 2499 4527 Austa
2542 4442 2858 4538 paulatim
2893 4445 3040 4519 haec
3067 4443 3364 4536 molest‘n
3391 4444 3669 4518 candem
3711 4460 3852 4513 con·

941 4550 1126 4624 versa
1175 4543 1267 4618 est
1312 4547 1383 4617 in
1426 4569 1627 4641 grave
1676 4543 1924 4618 asthma
1963 4593 1990 4632 ‚
2034 4569 2188 4640 curn
2237 4542 2552 4639 :quodam
2605 4537 3114 4618 convulfionum
3167 4567 3403 4639 genere
3426 4591 3451 4627 ‚
3510 4540 3694 4615 statis
3729 4538 3851 4632 ple·

932 4668 1200 4742 ‘tuaque
1266 4641 1677 4743 temporibus
1739 4642 2185 4735 redeuntium·
2302 4642 2483 4722 Huic
2536 4663 2689 4721 eum
2747 4641 3080 4722 aeoederet
3124 4644 3194 4719 &
3245 4642 3494 4750 pedum
3549 4656 3776 4718 tumor
3820 4680 3846 4717 2

1350 4797 1367 4816 .
1872 4761 1879 4770 ’
2250 4761 2282 4804 '·
2673 4793 2680 4800 ·
3343 4785 3352 4792 ·
3495 4755 3502 4762 ’
3725 4752 3854 4810 nen
