<?xml version="1.0" encoding="UTF-8"?>
<!DOCTYPE html PUBLIC "-//W3C//DTD XHTML 1.0 Transitional//EN"
    "http://www.w3.org/TR/xhtml1/DTD/xhtml1-transitional.dtd">
<html xmlns="http://www.w3.org/1999/xhtml" xml:lang="en" lang="en">
 <head>
  <title>
</title>
<meta http-equiv="Content-Type" content="text/html;charset=utf-8" />
  <meta name='ocr-system' content='tesseract 3.04.00' />
  <meta name='ocr-capabilities' content='ocr_page ocr_carea ocr_par ocr_line ocrx_word'/>
</head>
<body>
  <div class='ocr_page' id='page_1' title='image "./opusculatheolog00weregoog/opusculatheolog00weregoog_0426.png"; bbox 0 0 4188 5670; ppageno 0'>
   <div class='ocr_carea' id='block_1_1' title="bbox 971 309 2839 416">
    <p class='ocr_par' dir='ltr' id='par_1_1' title="bbox 971 309 2839 416">
     <span class='ocr_line' id='line_1_1' title="bbox 971 309 2839 416; baseline 0.008 -23"><span class='ocrx_word' id='word_1_1' title='bbox 971 330 1113 416; x_wconf 81' lang='lat'>368</span> <span class='ocrx_word' id='word_1_2' title='bbox 1639 311 1700 334; x_wconf 76' lang='grc'><strong>”</strong></span> <span class='ocrx_word' id='word_1_3' title='bbox 1844 309 2839 416; x_wconf 40' lang='lat' dir='ltr'>‚biennia-rio</span> 
     </span>
    </p>
   </div>
   <div class='ocr_carea' id='block_1_2' title="bbox 966 477 3878 723">
    <p class='ocr_par' dir='ltr' id='par_1_2' title="bbox 966 477 3878 723">
     <span class='ocr_line' id='line_1_2' title="bbox 968 477 3878 609; baseline 0.007 -35"><span class='ocrx_word' id='word_1_4' title='bbox 968 501 1136 575; x_wconf 89' lang='lat' dir='ltr'>inter</span> <span class='ocrx_word' id='word_1_5' title='bbox 1188 499 1516 578; x_wconf 69' lang='lat' dir='ltr'>eos-firifl&#39;e</span> <span class='ocrx_word' id='word_1_6' title='bbox 1558 504 1860 580; x_wconf 77' lang='lat' dir='ltr'>credibile</span> <span class='ocrx_word' id='word_1_7' title='bbox 1899 504 1991 579; x_wconf 87' lang='lat' dir='ltr'>e&#39;st</span> <span class='ocrx_word' id='word_1_8' title='bbox 2013 558 2036 596; x_wconf 89' lang='lat'><em>‚</em></span> <span class='ocrx_word' id='word_1_9' title='bbox 2069 492 2183 605; x_wconf 82' lang='lat' dir='ltr'>qui</span> <span class='ocrx_word' id='word_1_10' title='bbox 2204 477 2336 607; x_wconf 73' lang='lat' dir='ltr'>filii</span> <span class='ocrx_word' id='word_1_11' title='bbox 2360 517 2483 586; x_wconf 83' lang='lat' dir='ltr'>Dei</span> <span class='ocrx_word' id='word_1_12' title='bbox 2519 483 2586 586; x_wconf 55' lang='grc' dir='ltr'>δὲ</span> <span class='ocrx_word' id='word_1_13' title='bbox 2606 477 2739 609; x_wconf 64' lang='lat' dir='ltr'>filii</span> <span class='ocrx_word' id='word_1_14' title='bbox 2762 487 3084 594; x_wconf 61' lang='grc' dir='ltr'>Ᾰόὴιίηιῖηί</span> <span class='ocrx_word' id='word_1_15' title='bbox 3107 490 3474 600; x_wconf 74' lang='lat' dir='ltr'>dieantur</span> <span class='ocrx_word' id='word_1_16' title='bbox 3501 493 3517 600; x_wconf 20' lang='grc' dir='ltr'>Γ</span> <span class='ocrx_word' id='word_1_17' title='bbox 3545 517 3751 608; x_wconf 66' lang='lat' dir='ltr'>unde</span> <span class='ocrx_word' id='word_1_18' title='bbox 3806 521 3878 593; x_wconf 67' lang='lat'>&amp;¹</span> 
     </span>
     <span class='ocr_line' id='line_1_3' title="bbox 966 597 3670 723; baseline 0.007 -52"><span class='ocrx_word' id='word_1_19' title='bbox 966 597 1163 674; x_wconf 83' lang='lat' dir='ltr'>urbes</span> <span class='ocrx_word' id='word_1_20' title='bbox 1183 650 1208 687; x_wconf 87' lang='lat'>,</span> <span class='ocrx_word' id='word_1_21' title='bbox 1254 602 1447 696; x_wconf 87' lang='lat' dir='ltr'>idque</span> <span class='ocrx_word' id='word_1_22' title='bbox 1480 602 1918 722; x_wconf 80' lang='lat' dir='ltr'>satis&#39;mature</span> <span class='ocrx_word' id='word_1_23' title='bbox 1945 655 1968 692; x_wconf 88' lang='lat'><em>‚</em></span> <span class='ocrx_word' id='word_1_24' title='bbox 2007 628 2160 682; x_wconf 85' lang='lat' dir='ltr'>ante</span> <span class='ocrx_word' id='word_1_25' title='bbox 2191 611 2514 684; x_wconf 87' lang='lat' dir='ltr'>diluvium</span> <span class='ocrx_word' id='word_1_26' title='bbox 2557 611 2847 686; x_wconf 79' lang='lat' dir='ltr'>conditas</span> <span class='ocrx_word' id='word_1_27' title='bbox 2898 607 3019 687; x_wconf 83' lang='lat' dir='ltr'>effe</span> <span class='ocrx_word' id='word_1_28' title='bbox 3047 616 3313 692; x_wconf 79' lang='lat' dir='ltr'>constat.</span> <span class='ocrx_word' id='word_1_29' title='bbox 3409 715 3416 723; x_wconf 89' lang='lat'><em>.</em></span> <span class='ocrx_word' id='word_1_30' title='bbox 3639 617 3670 625; x_wconf 57' lang='lat'>&#39;⁴</span> 
     </span>
    </p>
   </div>
   <div class='ocr_carea' id='block_1_3' title="bbox 966 759 3866 1461">
    <p class='ocr_par' dir='ltr' id='par_1_3' title="bbox 966 759 3866 1461">
     <span class='ocr_line' id='line_1_4' title="bbox 1156 759 3859 867; baseline 0.005 -37"><span class='ocrx_word' id='word_1_31' title='bbox 1156 759 1327 830; x_wconf 81' lang='lat' dir='ltr'>Haec</span> <span class='ocrx_word' id='word_1_32' title='bbox 1352 779 1591 832; x_wconf 73' lang='lat' dir='ltr'>tamen</span> <span class='ocrx_word' id='word_1_33' title='bbox 1635 779 1788 835; x_wconf 86' lang='lat' dir='ltr'>utut</span> <span class='ocrx_word' id='word_1_34' title='bbox 1820 759 1943 835; x_wconf 86' lang='lat' dir='ltr'>fint</span> <span class='ocrx_word' id='word_1_35' title='bbox 1971 816 1997 851; x_wconf 79' lang='lat'>,</span> <span class='ocrx_word' id='word_1_36' title='bbox 2028 790 2171 837; x_wconf 87' lang='lat' dir='ltr'>rem</span> <span class='ocrx_word' id='word_1_37' title='bbox 2211 765 2358 855; x_wconf 83' lang='lat' dir='ltr'>post</span> <span class='ocrx_word' id='word_1_38' title='bbox 2398 768 2723 842; x_wconf 86' lang='lat' dir='ltr'>diluvium</span> <span class='ocrx_word' id='word_1_39' title='bbox 2754 820 2777 856; x_wconf 90' lang='lat'>,</span> <span class='ocrx_word' id='word_1_40' title='bbox 2807 770 2878 841; x_wconf 89' lang='lat' dir='ltr'>in</span> <span class='ocrx_word' id='word_1_41' title='bbox 2899 797 3035 867; x_wconf 88' lang='lat' dir='ltr'>quo</span> <span class='ocrx_word' id='word_1_42' title='bbox 3083 776 3275 846; x_wconf 82' lang='lat' dir='ltr'>unica</span> <span class='ocrx_word' id='word_1_43' title='bbox 3325 772 3592 850; x_wconf 81' lang='lat' dir='ltr'>Noachi</span> <span class='ocrx_word' id='word_1_44' title='bbox 3627 768 3859 843; x_wconf 74' lang='lat' dir='ltr'>familia</span> 
     </span>
     <span class='ocr_line' id='line_1_5' title="bbox 967 851 3855 967; baseline 0.009 -41"><span class='ocrx_word' id='word_1_45' title='bbox 967 851 1342 967; x_wconf 67' lang='lat' dir='ltr'>eonservata</span> <span class='ocrx_word' id='word_1_46' title='bbox 1368 854 1537 947; x_wconf 89' lang='lat' dir='ltr'>fuit,</span> <span class='ocrx_word' id='word_1_47' title='bbox 1582 860 1665 931; x_wconf 90' lang='lat' dir='ltr'>ad</span> <span class='ocrx_word' id='word_1_48' title='bbox 1710 862 1971 933; x_wconf 84' lang='lat' dir='ltr'>unicam</span> <span class='ocrx_word' id='word_1_49' title='bbox 2014 889 2284 959; x_wconf 85' lang='lat' dir='ltr'>quoque</span> <span class='ocrx_word' id='word_1_50' title='bbox 2307 868 2598 962; x_wconf 87' lang='lat' dir='ltr'><strong>linguam</strong></span> <span class='ocrx_word' id='word_1_51' title='bbox 2636 865 2879 943; x_wconf 80' lang='lat' dir='ltr'>rediiffe</span> <span class='ocrx_word' id='word_1_52' title='bbox 2934 891 3188 943; x_wconf 88' lang='lat' dir='ltr'>certum</span> <span class='ocrx_word' id='word_1_53' title='bbox 3215 870 3326 944; x_wconf 83' lang='lat' dir='ltr'>est.</span> <span class='ocrx_word' id='word_1_54' title='bbox 3420 872 3520 946; x_wconf 82' lang='lat' dir='ltr'>Et·</span> <span class='ocrx_word' id='word_1_55' title='bbox 3539 868 3855 964; x_wconf 65' lang='lat' dir='ltr'>quoniam</span> 
     </span>
     <span class='ocr_line' id='line_1_6' title="bbox 966 954 3860 1059; baseline 0.004 -35"><span class='ocrx_word' id='word_1_56' title='bbox 966 977 1036 1024; x_wconf 85' lang='lat' dir='ltr'>m</span> <span class='ocrx_word' id='word_1_57' title='bbox 1079 977 1212 1025; x_wconf 89' lang='lat' dir='ltr'>uno</span> <span class='ocrx_word' id='word_1_58' title='bbox 1255 954 1402 1027; x_wconf 86' lang='lat' dir='ltr'>loco</span> <span class='ocrx_word' id='word_1_59' title='bbox 1440 958 1736 1030; x_wconf 86' lang='lat' dir='ltr'>homines</span> <span class='ocrx_word' id='word_1_60' title='bbox 1777 960 2150 1054; x_wconf 81' lang='lat' dir='ltr'>aliquandiu</span> <span class='ocrx_word' id='word_1_61' title='bbox 2194 964 2569 1039; x_wconf 83' lang='lat' dir='ltr'>manserunt</span> <span class='ocrx_word' id='word_1_62' title='bbox 2594 1014 2613 1045; x_wconf 87' lang='lat'>‚</span> <span class='ocrx_word' id='word_1_63' title='bbox 2659 969 2801 1039; x_wconf 86' lang='lat' dir='ltr'>talis</span> <span class='ocrx_word' id='word_1_64' title='bbox 2826 990 3035 1059; x_wconf 82' lang='lat' dir='ltr'>usque</span> <span class='ocrx_word' id='word_1_65' title='bbox 3064 970 3147 1044; x_wconf 85' lang='lat' dir='ltr'>ad</span> <span class='ocrx_word' id='word_1_66' title='bbox 3183 967 3702 1043; x_wconf 83' lang='lat' dir='ltr'>aedificationem</span> <span class='ocrx_word' id='word_1_67' title='bbox 3733 988 3860 1037; x_wconf 90' lang='lat' dir='ltr'>tur-</span> 
     </span>
     <span class='ocr_line' id='line_1_7' title="bbox 968 1050 3854 1161; baseline 0.003 -38"><span class='ocrx_word' id='word_1_68' title='bbox 968 1052 1054 1123; x_wconf 83' lang='lat' dir='ltr'>ris</span> <span class='ocrx_word' id='word_1_69' title='bbox 1098 1050 1347 1124; x_wconf 81' lang='lat' dir='ltr'>Babelis</span> <span class='ocrx_word' id='word_1_70' title='bbox 1366 1054 1817 1148; x_wconf 80' lang='lat' dir='ltr'>perseveravit.</span> <span class='ocrx_word' id='word_1_71' title='bbox 1918 1062 2218 1134; x_wconf 75' lang='lat' dir='ltr'>Dur-ante</span> <span class='ocrx_word' id='word_1_72' title='bbox 2260 1064 2385 1136; x_wconf 85' lang='lat' dir='ltr'>hoe</span> <span class='ocrx_word' id='word_1_73' title='bbox 2427 1084 2733 1159; x_wconf 85' lang='lat' dir='ltr'>tempore</span> <span class='ocrx_word' id='word_1_74' title='bbox 2787 1061 2998 1139; x_wconf 82' lang='lat' dir='ltr'>multa</span> <span class='ocrx_word' id='word_1_75' title='bbox 3039 1058 3308 1161; x_wconf 82' lang='lat' dir='ltr'>quidem</span> <span class='ocrx_word' id='word_1_76' title='bbox 3366 1064 3706 1146; x_wconf 78' lang='lat' dir='ltr'>vocabula</span> <span class='ocrx_word' id='word_1_77' title='bbox 3764 1086 3854 1135; x_wconf 78' lang='lat' dir='ltr'>ec-</span> 
     </span>
     <span class='ocr_line' id='line_1_8' title="bbox 967 1145 3866 1246; baseline 0.004 -28"><span class='ocrx_word' id='word_1_78' title='bbox 967 1145 1317 1238; x_wconf 82' lang='lat' dir='ltr'>cefferunt,</span> <span class='ocrx_word' id='word_1_79' title='bbox 1368 1179 1519 1227; x_wconf 88' lang='lat' dir='ltr'>cum</span> <span class='ocrx_word' id='word_1_80' title='bbox 1550 1164 1687 1228; x_wconf 76' lang='lat' dir='ltr'>vini</span> <span class='ocrx_word' id='word_1_81' title='bbox 1712 1157 2065 1246; x_wconf 80' lang='lat' dir='ltr'>Noachus,</span> <span class='ocrx_word' id='word_1_82' title='bbox 2107 1161 2214 1233; x_wconf 89' lang='lat' dir='ltr'>alii</span> <span class='ocrx_word' id='word_1_83' title='bbox 2265 1159 2522 1234; x_wconf 76' lang='lat' dir='ltr'>fortasse</span> <span class='ocrx_word' id='word_1_84' title='bbox 2561 1165 2836 1237; x_wconf 82' lang='lat' dir='ltr'>aliarum</span> <span class='ocrx_word' id='word_1_85' title='bbox 2886 1189 3106 1237; x_wconf 88' lang='lat' dir='ltr'>rerum</span> <span class='ocrx_word' id='word_1_86' title='bbox 3155 1161 3535 1240; x_wconf 77' lang='lat' dir='ltr'>inventores</span> <span class='ocrx_word' id='word_1_87' title='bbox 3594 1163 3866 1241; x_wconf 61' lang='lat' dir='ltr'>fuerint:</span> 
     </span>
     <span class='ocr_line' id='line_1_9' title="bbox 967 1248 3858 1352; baseline 0.003 -32"><span class='ocrx_word' id='word_1_88' title='bbox 967 1248 1097 1320; x_wconf 85' lang='lat' dir='ltr'>Sed</span> <span class='ocrx_word' id='word_1_89' title='bbox 1119 1252 1271 1343; x_wconf 88' lang='lat' dir='ltr'>quia</span> <span class='ocrx_word' id='word_1_90' title='bbox 1300 1252 1443 1326; x_wconf 85' lang='lat' dir='ltr'>haec</span> <span class='ocrx_word' id='word_1_91' title='bbox 1487 1251 1756 1327; x_wconf 84' lang='lat' dir='ltr'>acceffio</span> <span class='ocrx_word' id='word_1_92' title='bbox 1788 1256 2272 1332; x_wconf 71' lang='lat' dir='ltr'>voeabulorum</span> <span class='ocrx_word' id='word_1_93' title='bbox 2291 1311 2314 1347; x_wconf 91' lang='lat'><em>‚</em></span> <span class='ocrx_word' id='word_1_94' title='bbox 2373 1262 2435 1332; x_wconf 86' lang='lat'>&amp;</span> <span class='ocrx_word' id='word_1_95' title='bbox 2461 1263 2880 1352; x_wconf 83' lang='lat' dir='ltr'>quorundam</span> <span class='ocrx_word' id='word_1_96' title='bbox 2923 1261 3094 1335; x_wconf 89' lang='lat' dir='ltr'>forte</span> <span class='ocrx_word' id='word_1_97' title='bbox 3137 1269 3416 1336; x_wconf 86' lang='lat' dir='ltr'>mutatio</span> <span class='ocrx_word' id='word_1_98' title='bbox 3440 1316 3466 1352; x_wconf 85' lang='lat'><em>,</em></span> <span class='ocrx_word' id='word_1_99' title='bbox 3529 1261 3858 1336; x_wconf 82' lang='lat' dir='ltr'>communi</span> 
     </span>
     <span class='ocr_line' id='line_1_10' title="bbox 969 1349 3850 1461; baseline 0.004 -40"><span class='ocrx_word' id='word_1_100' title='bbox 969 1349 1274 1454; x_wconf 79' lang='lat' dir='ltr'>omnium</span> <span class='ocrx_word' id='word_1_101' title='bbox 1300 1355 1604 1425; x_wconf 84' lang='lat' dir='ltr'>omniurn</span> <span class='ocrx_word' id='word_1_102' title='bbox 1647 1350 1953 1427; x_wconf 90' lang='lat' dir='ltr'>consensu</span> <span class='ocrx_word' id='word_1_103' title='bbox 1974 1355 2146 1431; x_wconf 71' lang='lat' dir='ltr'>facita</span> <span class='ocrx_word' id='word_1_104' title='bbox 2165 1356 2317 1445; x_wconf 84' lang='lat' dir='ltr'>est,</span> <span class='ocrx_word' id='word_1_105' title='bbox 2350 1358 2529 1431; x_wconf 85' lang='lat' dir='ltr'>nulla</span> <span class='ocrx_word' id='word_1_106' title='bbox 2566 1360 2717 1445; x_wconf 88' lang='lat' dir='ltr'>inde</span> <span class='ocrx_word' id='word_1_107' title='bbox 2742 1361 3113 1461; x_wconf 81' lang='lat' dir='ltr'>linguarum</span> <span class='ocrx_word' id='word_1_108' title='bbox 3139 1362 3412 1435; x_wconf 85' lang='lat' dir='ltr'>varietas</span> <span class='ocrx_word' id='word_1_109' title='bbox 3444 1362 3609 1436; x_wconf 90' lang='lat' dir='ltr'>oriri</span> <span class='ocrx_word' id='word_1_110' title='bbox 3635 1357 3850 1457; x_wconf 80' lang='lat' dir='ltr'>potuit·</span> 
     </span>
    </p>
   </div>
   <div class='ocr_carea' id='block_1_4' title="bbox 962 1517 3854 1920">
    <p class='ocr_par' dir='ltr' id='par_1_4' title="bbox 962 1517 3854 1920">
     <span class='ocr_line' id='line_1_11' title="bbox 1161 1517 3854 1627; baseline -0.002 -25"><span class='ocrx_word' id='word_1_111' title='bbox 1161 1525 1387 1602; x_wconf 88' lang='lat' dir='ltr'>Postea</span> <span class='ocrx_word' id='word_1_112' title='bbox 1427 1549 1586 1596; x_wconf 86' lang='lat' dir='ltr'>vero</span> <span class='ocrx_word' id='word_1_113' title='bbox 1614 1546 1712 1594; x_wconf 85' lang='lat' dir='ltr'>res</span> <span class='ocrx_word' id='word_1_114' title='bbox 1756 1527 1921 1599; x_wconf 91' lang='lat' dir='ltr'>mira</span> <span class='ocrx_word' id='word_1_115' title='bbox 1947 1528 2223 1603; x_wconf 84' lang='lat' dir='ltr'>accidit:</span> <span class='ocrx_word' id='word_1_116' title='bbox 2258 1554 2637 1627; x_wconf 84' lang='lat' dir='ltr'><strong>quanquam</strong></span> <span class='ocrx_word' id='word_1_117' title='bbox 2670 1529 2845 1601; x_wconf 84' lang='lat' dir='ltr'>enim</span> <span class='ocrx_word' id='word_1_118' title='bbox 2882 1529 3178 1601; x_wconf 77' lang='lat' dir='ltr'>homines</span> <span class='ocrx_word' id='word_1_119' title='bbox 3202 1578 3227 1615; x_wconf 90' lang='lat'>,</span> <span class='ocrx_word' id='word_1_120' title='bbox 3270 1552 3426 1601; x_wconf 82' lang='lat' dir='ltr'>cum</span> <span class='ocrx_word' id='word_1_121' title='bbox 3453 1550 3550 1606; x_wconf 73' lang='lat' dir='ltr'>ex</span> <span class='ocrx_word' id='word_1_122' title='bbox 3596 1517 3854 1624; x_wconf 63' lang='lat' dir='ltr'>redonis</span> 
     </span>
     <span class='ocr_line' id='line_1_12' title="bbox 964 1625 3846 1726; baseline -0.002 -21"><span class='ocrx_word' id='word_1_123' title='bbox 964 1631 1168 1706; x_wconf 71' lang='lat' dir='ltr'>dustu</span> <span class='ocrx_word' id='word_1_124' title='bbox 1194 1678 1216 1714; x_wconf 88' lang='lat'>‚</span> <span class='ocrx_word' id='word_1_125' title='bbox 1276 1646 1423 1697; x_wconf 88' lang='lat' dir='ltr'>tum</span> <span class='ocrx_word' id='word_1_126' title='bbox 1479 1647 1562 1695; x_wconf 84' lang='lat' dir='ltr'>ex</span> <span class='ocrx_word' id='word_1_127' title='bbox 1586 1669 1591 1673; x_wconf 84' lang='lat'><em>-</em></span> <span class='ocrx_word' id='word_1_128' title='bbox 1615 1626 1886 1698; x_wconf 81' lang='lat' dir='ltr'>oraculis</span> <span class='ocrx_word' id='word_1_129' title='bbox 1931 1625 2214 1716; x_wconf 78' lang='lat' dir='ltr'>divinis,</span> <span class='ocrx_word' id='word_1_130' title='bbox 2274 1630 2631 1726; x_wconf 82' lang='lat' dir='ltr'>intelligere</span> <span class='ocrx_word' id='word_1_131' title='bbox 2688 1643 3098 1719; x_wconf 87' lang='lat' dir='ltr'>potuerunt,</span> <span class='ocrx_word' id='word_1_132' title='bbox 3146 1628 3321 1700; x_wconf 88' lang='lat' dir='ltr'>nolle</span> <span class='ocrx_word' id='word_1_133' title='bbox 3373 1628 3574 1700; x_wconf 73' lang='lat' dir='ltr'>Dssu</span> <span class='ocrx_word' id='word_1_134' title='bbox 3598 1633 3701 1709; x_wconf 66' lang='lat' dir='ltr'>m,</span> <span class='ocrx_word' id='word_1_135' title='bbox 3747 1627 3846 1720; x_wconf 84' lang='lat' dir='ltr'>qui</span> 
     </span>
     <span class='ocr_line' id='line_1_13' title="bbox 962 1719 3845 1818; baseline -0.004 -16"><span class='ocrx_word' id='word_1_136' title='bbox 962 1725 1338 1802; x_wconf 85' lang='lat' dir='ltr'>universam</span> <span class='ocrx_word' id='word_1_137' title='bbox 1381 1719 1755 1796; x_wconf 82' lang='lat' dir='ltr'>hominibus</span> <span class='ocrx_word' id='word_1_138' title='bbox 1787 1724 2088 1798; x_wconf 85' lang='lat' dir='ltr'>tellurem</span> <span class='ocrx_word' id='word_1_139' title='bbox 2118 1724 2544 1802; x_wconf 85' lang='lat' dir='ltr'>habitandam</span> <span class='ocrx_word' id='word_1_140' title='bbox 2585 1724 2766 1799; x_wconf 83' lang='lat' dir='ltr'><strong>dedit</strong></span> <span class='ocrx_word' id='word_1_141' title='bbox 2807 1776 2837 1812; x_wconf 86' lang='lat'>‚</span> <span class='ocrx_word' id='word_1_142' title='bbox 2876 1744 2954 1800; x_wconf 85' lang='lat' dir='ltr'>ut</span> <span class='ocrx_word' id='word_1_143' title='bbox 2991 1726 3060 1798; x_wconf 91' lang='lat' dir='ltr'>in</span> <span class='ocrx_word' id='word_1_144' title='bbox 3096 1748 3232 1798; x_wconf 89' lang='lat' dir='ltr'>uno</span> <span class='ocrx_word' id='word_1_145' title='bbox 3266 1749 3497 1818; x_wconf 81' lang='lat' dir='ltr'>omnes</span> <span class='ocrx_word' id='word_1_146' title='bbox 3531 1724 3682 1796; x_wconf 86' lang='lat' dir='ltr'>loco</span> <span class='ocrx_word' id='word_1_147' title='bbox 3710 1747 3845 1796; x_wconf 62' lang='lat' dir='ltr'>con-1</span> 
     </span>
     <span class='ocr_line' id='line_1_14' title="bbox 963 1815 3842 1920; baseline -0.002 -20"><span class='ocrx_word' id='word_1_148' title='bbox 963 1824 1284 1905; x_wconf 78' lang='lat' dir='ltr'>fiderent3</span> <span class='ocrx_word' id='word_1_149' title='bbox 1309 1847 1385 1894; x_wconf 86' lang='lat' dir='ltr'>ae</span> <span class='ocrx_word' id='word_1_150' title='bbox 1410 1872 1432 1908; x_wconf 85' lang='lat'>‚</span> <span class='ocrx_word' id='word_1_151' title='bbox 1482 1822 1739 1917; x_wconf 76' lang='lat' dir='ltr'>reliquis</span> <span class='ocrx_word' id='word_1_152' title='bbox 1774 1823 2017 1896; x_wconf 83' lang='lat' dir='ltr'>telluris</span> <span class='ocrx_word' id='word_1_153' title='bbox 2045 1824 2342 1919; x_wconf 76' lang='lat' dir='ltr'>partibus</span> <span class='ocrx_word' id='word_1_154' title='bbox 2370 1826 2627 1920; x_wconf 85' lang='lat' dir='ltr'>incultis</span> <span class='ocrx_word' id='word_1_155' title='bbox 2660 1825 2935 1913; x_wconf 61' lang='lat' dir='ltr'>mlieris,</span> <span class='ocrx_word' id='word_1_156' title='bbox 2967 1825 3037 1896; x_wconf 85' lang='lat' dir='ltr'>in</span> <span class='ocrx_word' id='word_1_157' title='bbox 3067 1849 3204 1896; x_wconf 89' lang='lat' dir='ltr'>uno</span> <span class='ocrx_word' id='word_1_158' title='bbox 3251 1824 3498 1918; x_wconf 80' lang='lat' dir='ltr'>angulo</span> <span class='ocrx_word' id='word_1_159' title='bbox 3561 1815 3842 1916; x_wconf 68' lang='lat' dir='ltr'>perpetuo</span> 
     </span>
    </p>
   </div>
   <div class='ocr_carea' id='block_1_5' title="bbox 784 1917 3832 2017">
    <p class='ocr_par' dir='ltr' id='par_1_5' title="bbox 784 1917 3832 2017">
     <span class='ocr_line' id='line_1_15' title="bbox 784 1917 3832 2017; baseline -0.003 -17"><span class='ocrx_word' id='word_1_160' title='bbox 784 1933 793 1937; x_wconf 71' lang='grc'><strong><em>’</em></strong></span> <span class='ocrx_word' id='word_1_161' title='bbox 868 2002 872 2006; x_wconf 75' lang='grc'>,</span> <span class='ocrx_word' id='word_1_162' title='bbox 960 1921 1251 2002; x_wconf 74' lang='lat' dir='ltr'>eonelufi</span> <span class='ocrx_word' id='word_1_163' title='bbox 1278 1918 1504 1994; x_wconf 67' lang='lat' dir='ltr'>efflent:</span> <span class='ocrx_word' id='word_1_164' title='bbox 1535 1940 1754 1994; x_wconf 84' lang='lat' dir='ltr'>tamen</span> <span class='ocrx_word' id='word_1_165' title='bbox 1786 1958 1815 2007; x_wconf 45' lang='lat'>,⁴</span> <span class='ocrx_word' id='word_1_166' title='bbox 1839 1920 2052 1995; x_wconf 84' lang='lat' dir='ltr'>nescio</span> <span class='ocrx_word' id='word_1_167' title='bbox 2075 1950 2212 2017; x_wconf 89' lang='lat' dir='ltr'>qua</span> <span class='ocrx_word' id='word_1_168' title='bbox 2240 1926 2483 1998; x_wconf 89' lang='lat' dir='ltr'>insania</span> <span class='ocrx_word' id='word_1_169' title='bbox 2510 1976 2534 2012; x_wconf 85' lang='lat'>‚</span> <span class='ocrx_word' id='word_1_170' title='bbox 2565 1949 2650 1997; x_wconf 86' lang='lat' dir='ltr'>an</span> <span class='ocrx_word' id='word_1_171' title='bbox 2671 1921 2844 1999; x_wconf 76' lang='lat' dir='ltr'>vero</span> <span class='ocrx_word' id='word_1_172' title='bbox 2866 1925 3066 1996; x_wconf 87' lang='lat' dir='ltr'>etiam</span> <span class='ocrx_word' id='word_1_173' title='bbox 3093 1920 3378 1995; x_wconf 82' lang='lat' dir='ltr'>ferarum</span> <span class='ocrx_word' id='word_1_174' title='bbox 3425 1926 3631 2004; x_wconf 83' lang='lat' dir='ltr'>metu,</span> <span class='ocrx_word' id='word_1_175' title='bbox 3656 1917 3832 1992; x_wconf 70' lang='grc' dir='ltr'>σοοίῐ-Ι</span> 
     </span>
    </p>
   </div>
   <div class='ocr_carea' id='block_1_6' title="bbox 957 2015 3926 2906">
    <p class='ocr_par' dir='ltr' id='par_1_6' title="bbox 957 2015 3926 2808">
     <span class='ocr_line' id='line_1_16' title="bbox 957 2015 3832 2119; baseline -0.003 -23"><span class='ocrx_word' id='word_1_176' title='bbox 957 2023 1129 2096; x_wconf 86' lang='lat' dir='ltr'>lium</span> <span class='ocrx_word' id='word_1_177' title='bbox 1156 2022 1440 2094; x_wconf 88' lang='lat' dir='ltr'>inierunt</span> <span class='ocrx_word' id='word_1_178' title='bbox 1458 2071 1483 2108; x_wconf 84' lang='lat'>,</span> <span class='ocrx_word' id='word_1_179' title='bbox 1522 2020 1589 2089; x_wconf 92' lang='lat' dir='ltr'>in</span> <span class='ocrx_word' id='word_1_180' title='bbox 1612 2037 1784 2091; x_wconf 86' lang='lat' dir='ltr'>terra</span> <span class='ocrx_word' id='word_1_181' title='bbox 1809 2021 2074 2092; x_wconf 85' lang='lat' dir='ltr'>Sinehar</span> <span class='ocrx_word' id='word_1_182' title='bbox 2100 2073 2124 2108; x_wconf 91' lang='lat'>,</span> <span class='ocrx_word' id='word_1_183' title='bbox 2170 2049 2325 2116; x_wconf 80' lang='lat' dir='ltr'>quae</span> <span class='ocrx_word' id='word_1_184' title='bbox 2374 2045 2639 2118; x_wconf 86' lang='lat' dir='ltr'>propter</span> <span class='ocrx_word' id='word_1_185' title='bbox 2668 2019 3013 2119; x_wconf 83' lang='lat' dir='ltr'>spatiosam</span> <span class='ocrx_word' id='word_1_186' title='bbox 3060 2022 3409 2115; x_wconf 76' lang='lat' dir='ltr'>planiciem</span> <span class='ocrx_word' id='word_1_187' title='bbox 3435 2015 3735 2114; x_wconf 81' lang='lat' dir='ltr'>aptiffima</span> <span class='ocrx_word' id='word_1_188' title='bbox 3754 2015 3832 2088; x_wconf 79' lang='lat' dir='ltr'>ad</span> 
     </span>
     <span class='ocr_line' id='line_1_17' title="bbox 962 2114 3926 2214; baseline -0.002 -20"><span class='ocrx_word' id='word_1_189' title='bbox 962 2122 1133 2210; x_wconf 77' lang='lat' dir='ltr'>hanc</span> <span class='ocrx_word' id='word_1_190' title='bbox 1155 2145 1302 2193; x_wconf 84' lang='lat' dir='ltr'>rem</span> <span class='ocrx_word' id='word_1_191' title='bbox 1323 2115 1471 2212; x_wconf 75' lang='lat' dir='ltr'>ipsis</span> <span class='ocrx_word' id='word_1_192' title='bbox 1506 2114 1637 2188; x_wconf 89' lang='lat' dir='ltr'>visa</span> <span class='ocrx_word' id='word_1_193' title='bbox 1668 2116 1761 2188; x_wconf 86' lang='lat' dir='ltr'>est</span> <span class='ocrx_word' id='word_1_194' title='bbox 1783 2166 1807 2202; x_wconf 90' lang='lat'>,</span> <span class='ocrx_word' id='word_1_195' title='bbox 1840 2122 2320 2193; x_wconf 85' lang='lat' dir='ltr'>commorandi.</span> <span class='ocrx_word' id='word_1_196' title='bbox 2389 2126 2626 2212; x_wconf 83' lang='lat' dir='ltr'>·Qare</span> <span class='ocrx_word' id='word_1_197' title='bbox 2656 2144 2741 2194; x_wconf 90' lang='lat' dir='ltr'>ne</span> <span class='ocrx_word' id='word_1_198' title='bbox 2767 2118 3280 2214; x_wconf 72' lang='lat' dir='ltr'>dispergerentur</span> <span class='ocrx_word' id='word_1_199' title='bbox 3317 2122 3388 2190; x_wconf 91' lang='lat' dir='ltr'>in</span> <span class='ocrx_word' id='word_1_200' title='bbox 3442 2121 3642 2192; x_wconf 80' lang='lat' dir='ltr'>varias</span> <span class='ocrx_word' id='word_1_201' title='bbox 3664 2137 3836 2188; x_wconf 72' lang='lat' dir='ltr'>tettae</span> <span class='ocrx_word' id='word_1_202' title='bbox 3921 2170 3926 2174; x_wconf 75' lang='lat'><em>-</em></span> 
     </span>
     <span class='ocr_line' id='line_1_18' title="bbox 962 2211 3834 2315; baseline -0.003 -23"><span class='ocrx_word' id='word_1_203' title='bbox 962 2239 1177 2315; x_wconf 84' lang='lat' dir='ltr'>partes</span> <span class='ocrx_word' id='word_1_204' title='bbox 1202 2269 1226 2305; x_wconf 89' lang='lat'><strong>,</strong></span> <span class='ocrx_word' id='word_1_205' title='bbox 1262 2214 1500 2293; x_wconf 81' lang='lat' dir='ltr'>urbem</span> <span class='ocrx_word' id='word_1_206' title='bbox 1525 2238 1833 2309; x_wconf 86' lang='lat' dir='ltr'>magnam</span> <span class='ocrx_word' id='word_1_207' title='bbox 1860 2249 1899 2301; x_wconf 30' lang='grc' dir='ltr'>,κ</span> <span class='ocrx_word' id='word_1_208' title='bbox 1935 2241 2093 2309; x_wconf 76' lang='lat' dir='ltr'>quae</span> <span class='ocrx_word' id='word_1_209' title='bbox 2126 2242 2356 2291; x_wconf 81' lang='lat' dir='ltr'>omnes</span> <span class='ocrx_word' id='word_1_210' title='bbox 2377 2241 2634 2315; x_wconf 85' lang='lat' dir='ltr'>caperet</span> <span class='ocrx_word' id='word_1_211' title='bbox 2656 2271 2680 2307; x_wconf 88' lang='lat'>,</span> <span class='ocrx_word' id='word_1_212' title='bbox 2731 2214 3056 2292; x_wconf 79' lang='lat' dir='ltr'>aedificare</span> <span class='ocrx_word' id='word_1_213' title='bbox 3079 2236 3423 2313; x_wconf 48' lang='lat' dir='ltr'>*coeperunt</span> <span class='ocrx_word' id='word_1_214' title='bbox 3467 2268 3492 2303; x_wconf 84' lang='lat'><strong>,</strong></span> <span class='ocrx_word' id='word_1_215' title='bbox 3543 2211 3834 2306; x_wconf 78' lang='lat' dir='ltr'>fimulque</span> 
     </span>
     <span class='ocr_line' id='line_1_19' title="bbox 958 2312 3826 2409; baseline -0.003 -17"><span class='ocrx_word' id='word_1_216' title='bbox 958 2319 1230 2392; x_wconf 75' lang='lat' dir='ltr'>eximiae</span> <span class='ocrx_word' id='word_1_217' title='bbox 1254 2315 1605 2389; x_wconf 81' lang='lat' dir='ltr'>altitudinis</span> <span class='ocrx_word' id='word_1_218' title='bbox 1636 2317 1918 2395; x_wconf 75' lang='lat' dir='ltr'>turrim3</span> <span class='ocrx_word' id='word_1_219' title='bbox 1956 2334 2105 2388; x_wconf 87' lang='lat' dir='ltr'>tum</span> <span class='ocrx_word' id='word_1_220' title='bbox 2146 2318 2228 2390; x_wconf 79' lang='lat' dir='ltr'>ed</span> <span class='ocrx_word' id='word_1_221' title='bbox 2270 2315 2462 2391; x_wconf 58' lang='lat' dir='ltr'>urbis</span> <span class='ocrx_word' id='word_1_222' title='bbox 2495 2336 2960 2390; x_wconf 83' lang='lat' dir='ltr'>ornamentum</span> <span class='ocrx_word' id='word_1_223' title='bbox 3000 2366 3022 2402; x_wconf 90' lang='lat'>,</span> <span class='ocrx_word' id='word_1_224' title='bbox 3067 2334 3275 2409; x_wconf 86' lang='lat' dir='ltr'>utque</span> <span class='ocrx_word' id='word_1_225' title='bbox 3323 2316 3506 2405; x_wconf 74' lang='lat' dir='ltr'>hujus</span> <span class='ocrx_word' id='word_1_226' title='bbox 3537 2312 3826 2383; x_wconf 60' lang='lat' dir='ltr'>{truciore</span> 
     </span>
     <span class='ocr_line' id='line_1_20' title="bbox 966 2409 3818 2508; baseline -0.004 -19"><span class='ocrx_word' id='word_1_227' title='bbox 966 2417 1253 2489; x_wconf 84' lang='lat' dir='ltr'>nominis.</span> <span class='ocrx_word' id='word_1_228' title='bbox 1270 2411 1392 2486; x_wconf 83' lang='lat' dir='ltr'>fibi</span> <span class='ocrx_word' id='word_1_229' title='bbox 1414 2412 1996 2486; x_wconf 65' lang='lat' dir='ltr'>-numortalitatem</span> <span class='ocrx_word' id='word_1_230' title='bbox 2035 2436 2373 2508; x_wconf 78' lang='lat' dir='ltr'>pararent:</span> <span class='ocrx_word' id='word_1_231' title='bbox 2403 2434 2552 2488; x_wconf 88' lang='lat' dir='ltr'>tum</span> <span class='ocrx_word' id='word_1_232' title='bbox 2595 2412 2855 2488; x_wconf 85' lang='lat' dir='ltr'>fortaffe</span> <span class='ocrx_word' id='word_1_233' title='bbox 2885 2465 2908 2501; x_wconf 84' lang='lat'>‚</span> <span class='ocrx_word' id='word_1_234' title='bbox 2938 2435 3016 2486; x_wconf 89' lang='lat' dir='ltr'>ut</span> <span class='ocrx_word' id='word_1_235' title='bbox 3069 2416 3266 2506; x_wconf 77' lang='lat' dir='ltr'>hujus</span> <span class='ocrx_word' id='word_1_236' title='bbox 3320 2413 3554 2505; x_wconf 82' lang='lat' dir='ltr'>apicem</span> <span class='ocrx_word' id='word_1_237' title='bbox 3571 2409 3818 2480; x_wconf 78' lang='lat' dir='ltr'>’eminus</span> 
     </span>
     <span class='ocr_line' id='line_1_21' title="bbox 965 2501 3822 2608; baseline -0.004 -22"><span class='ocrx_word' id='word_1_238' title='bbox 965 2511 1422 2608; x_wconf 67' lang='lat' dir='ltr'>conspicientes</span> <span class='ocrx_word' id='word_1_239' title='bbox 1447 2562 1472 2599; x_wconf 87' lang='lat'>‚</span> <span class='ocrx_word' id='word_1_240' title='bbox 1498 2535 1634 2606; x_wconf 90' lang='lat' dir='ltr'>quo</span> <span class='ocrx_word' id='word_1_241' title='bbox 1661 2510 2065 2585; x_wconf 88' lang='lat' dir='ltr'>redeundum</span> <span class='ocrx_word' id='word_1_242' title='bbox 2089 2510 2214 2586; x_wconf 83' lang='lat' dir='ltr'>fibi</span> <span class='ocrx_word' id='word_1_243' title='bbox 2254 2510 2440 2601; x_wconf 80' lang='lat' dir='ltr'>effer,</span> <span class='ocrx_word' id='word_1_244' title='bbox 2479 2511 2529 2585; x_wconf 86' lang='lat' dir='ltr'>fi</span> <span class='ocrx_word' id='word_1_245' title='bbox 2558 2514 2821 2606; x_wconf 85' lang='lat' dir='ltr'>quando</span> <span class='ocrx_word' id='word_1_246' title='bbox 2867 2513 2950 2584; x_wconf 85' lang='lat' dir='ltr'>ad</span> <span class='ocrx_word' id='word_1_247' title='bbox 2975 2511 3300 2606; x_wconf 83' lang='lat' dir='ltr'>pabulum</span> <span class='ocrx_word' id='word_1_248' title='bbox 3333 2563 3355 2597; x_wconf 87' lang='lat'>,</span> <span class='ocrx_word' id='word_1_249' title='bbox 3388 2510 3581 2582; x_wconf 82' lang='lat' dir='ltr'>aliave</span> <span class='ocrx_word' id='word_1_250' title='bbox 3629 2501 3822 2577; x_wconf 75' lang='lat' dir='ltr'>neeess</span> 
     </span>
     <span class='ocr_line' id='line_1_22' title="bbox 963 2609 3831 2707; baseline -0.002 -21"><span class='ocrx_word' id='word_1_251' title='bbox 963 2611 1123 2686; x_wconf 80' lang='lat' dir='ltr'>saria</span> <span class='ocrx_word' id='word_1_252' title='bbox 1157 2613 1550 2707; x_wconf 65' lang='lat' dir='ltr'>quaerenda,</span> <span class='ocrx_word' id='word_1_253' title='bbox 1579 2609 1769 2681; x_wconf 75' lang='lat' dir='ltr'>latius</span> <span class='ocrx_word' id='word_1_254' title='bbox 1797 2613 1865 2682; x_wconf 93' lang='lat' dir='ltr'>in</span> <span class='ocrx_word' id='word_1_255' title='bbox 1895 2632 2066 2685; x_wconf 82' lang='lat' dir='ltr'>terra</span> <span class='ocrx_word' id='word_1_256' title='bbox 2101 2663 2126 2700; x_wconf 91' lang='lat'>,</span> <span class='ocrx_word' id='word_1_257' title='bbox 2154 2637 2387 2707; x_wconf 86' lang='lat' dir='ltr'>parum</span> <span class='ocrx_word' id='word_1_258' title='bbox 2419 2613 2631 2685; x_wconf 87' lang='lat' dir='ltr'>adhuc</span> <span class='ocrx_word' id='word_1_259' title='bbox 2651 2616 2808 2686; x_wconf 83' lang='lat' dir='ltr'>trita</span> <span class='ocrx_word' id='word_1_260' title='bbox 2828 2612 2893 2684; x_wconf 88' lang='lat'>&amp;</span> <span class='ocrx_word' id='word_1_261' title='bbox 2926 2612 2997 2686; x_wconf 87' lang='lat' dir='ltr'>in</span> <span class='ocrx_word' id='word_1_262' title='bbox 3019 2612 3205 2686; x_wconf 79' lang='lat' dir='ltr'>calles</span> <span class='ocrx_word' id='word_1_263' title='bbox 3228 2609 3831 2700; x_wconf 66' lang='lat' dir='ltr'>distincita,&#39;vagaten-</span> 
     </span>
     <span class='ocr_line' id='line_1_23' title="bbox 964 2706 3288 2808; baseline -0.001 -23"><span class='ocrx_word' id='word_1_264' title='bbox 964 2731 1112 2801; x_wconf 87' lang='lat' dir='ltr'>tur,</span> <span class='ocrx_word' id='word_1_265' title='bbox 1144 2707 1271 2784; x_wconf 86' lang='lat' dir='ltr'>hoc</span> <span class='ocrx_word' id='word_1_266' title='bbox 1295 2706 1480 2806; x_wconf 86' lang='lat' dir='ltr'>figno</span> <span class='ocrx_word' id='word_1_267' title='bbox 1503 2760 1528 2797; x_wconf 87' lang='lat'>,</span> <span class='ocrx_word' id='word_1_268' title='bbox 1569 2710 1755 2781; x_wconf 90' lang='lat' dir='ltr'>velut</span> <span class='ocrx_word' id='word_1_269' title='bbox 1785 2711 1993 2803; x_wconf 87' lang='lat' dir='ltr'>pharo</span> <span class='ocrx_word' id='word_1_270' title='bbox 2023 2761 2045 2798; x_wconf 90' lang='lat'>‚</span> <span class='ocrx_word' id='word_1_271' title='bbox 2078 2711 2397 2808; x_wconf 83' lang='lat' dir='ltr'>viderent.</span> <span class='ocrx_word' id='word_1_272' title='bbox 2669 2794 2674 2800; x_wconf 47' lang='grc'>,</span> <span class='ocrx_word' id='word_1_273' title='bbox 3283 2793 3288 2798; x_wconf 37' lang='grc'>,</span> 
     </span>
    </p>

    <p class='ocr_par' dir='ltr' id='par_1_7' title="bbox 1067 2797 3839 2906">
     <span class='ocr_line' id='line_1_24' title="bbox 1067 2797 3839 2906; baseline -0.003 -20"><span class='ocrx_word' id='word_1_274' title='bbox 1067 2821 1071 2825; x_wconf 75' lang='grc'><strong><em>’</em></strong></span> <span class='ocrx_word' id='word_1_275' title='bbox 1162 2811 1343 2886; x_wconf 79' lang='lat' dir='ltr'>Tum</span> <span class='ocrx_word' id='word_1_276' title='bbox 1374 2830 1536 2883; x_wconf 83' lang='lat' dir='ltr'>vero</span> <span class='ocrx_word' id='word_1_277' title='bbox 1585 2810 1652 2881; x_wconf 94' lang='lat' dir='ltr'>D</span> <span class='ocrx_word' id='word_1_278' title='bbox 1673 2828 1711 2881; x_wconf 74' lang='grc' dir='ltr'>Ε</span> <span class='ocrx_word' id='word_1_279' title='bbox 1736 2830 1782 2882; x_wconf 85' lang='lat' dir='ltr'>u</span> <span class='ocrx_word' id='word_1_280' title='bbox 1803 2830 1835 2883; x_wconf 87' lang='lat' dir='ltr'><strong>s</strong></span> <span class='ocrx_word' id='word_1_281' title='bbox 1862 2860 1885 2896; x_wconf 90' lang='lat'>‚</span> <span class='ocrx_word' id='word_1_282' title='bbox 1932 2806 2190 2884; x_wconf 86' lang='lat' dir='ltr'>tametsi</span> <span class='ocrx_word' id='word_1_283' title='bbox 2222 2807 2588 2906; x_wconf 54' lang='lat' dir='ltr'>exspectare</span> <span class='ocrx_word' id='word_1_284' title='bbox 2617 2805 2922 2906; x_wconf 82' lang='lat' dir='ltr'>potuiffet</span> <span class='ocrx_word' id='word_1_285' title='bbox 2945 2861 2968 2897; x_wconf 87' lang='lat'>,</span> <span class='ocrx_word' id='word_1_286' title='bbox 2997 2809 3208 2883; x_wconf 88' lang='lat' dir='ltr'>donec</span> <span class='ocrx_word' id='word_1_287' title='bbox 3231 2804 3398 2902; x_wconf 81' lang='lat' dir='ltr'>ipsos</span> <span class='ocrx_word' id='word_1_288' title='bbox 3422 2858 3447 2895; x_wconf 88' lang='lat'>,</span> <span class='ocrx_word' id='word_1_289' title='bbox 3469 2802 3664 2901; x_wconf 84' lang='lat' dir='ltr'>quod,</span> <span class='ocrx_word' id='word_1_290' title='bbox 3697 2797 3839 2879; x_wconf 67' lang='lat' dir='ltr'>crufi-</span> 
     </span>
    </p>
   </div>
   <div class='ocr_carea' id='block_1_7' title="bbox 912 2894 3842 3197">
    <p class='ocr_par' dir='ltr' id='par_1_8' title="bbox 820 2894 3842 3197">
     <span class='ocr_line' id='line_1_25' title="bbox 950 2894 3842 3004; baseline 0 -24"><span class='ocrx_word' id='word_1_291' title='bbox 950 2894 1537 3004; x_wconf 37' lang='lat' dir='ltr'>·cent&#39;e&#39;“hominum</span> <span class='ocrx_word' id='word_1_292' title='bbox 1582 2931 1900 2994; x_wconf 87' lang='lat' dir='ltr'>numero,</span> <span class='ocrx_word' id='word_1_293' title='bbox 1931 2928 2108 2982; x_wconf 88' lang='lat' dir='ltr'>certo</span> <span class='ocrx_word' id='word_1_294' title='bbox 2137 2908 2438 2983; x_wconf 82' lang='lat' dir='ltr'>futurum</span> <span class='ocrx_word' id='word_1_295' title='bbox 2469 2932 2607 2983; x_wconf 89' lang='lat' dir='ltr'>erat</span> <span class='ocrx_word' id='word_1_296' title='bbox 2631 2961 2676 2999; x_wconf 7' lang='lat' dir='ltr'>‚A</span> <span class='ocrx_word' id='word_1_297' title='bbox 2720 2910 2913 3002; x_wconf 84' lang='lat' dir='ltr'>hujus</span> <span class='ocrx_word' id='word_1_298' title='bbox 2950 2909 3152 3003; x_wconf 85' lang='lat' dir='ltr'>inepti</span> <span class='ocrx_word' id='word_1_299' title='bbox 3192 2899 3436 2978; x_wconf 88' lang='lat' dir='ltr'>consilii</span> <span class='ocrx_word' id='word_1_300' title='bbox 3477 2904 3842 2999; x_wconf 59' lang='lat' dir='ltr'>poeniteret}</span> 
     </span>
     <span class='ocr_line' id='line_1_26' title="bbox 912 3001 3841 3100; baseline -0.002 -24"><span class='ocrx_word' id='word_1_301' title='bbox 912 3031 918 3034; x_wconf 51' lang='lat'><strong>⁴</strong></span> <span class='ocrx_word' id='word_1_302' title='bbox 964 3002 1282 3100; x_wconf 80' lang='lat' dir='ltr'>&#39;quoniam</span> <span class='ocrx_word' id='word_1_303' title='bbox 1307 3027 1528 3083; x_wconf 80' lang='lat' dir='ltr'>tamen</span> <span class='ocrx_word' id='word_1_304' title='bbox 1560 3004 1769 3076; x_wconf 75' lang='lat' dir='ltr'>multa</span> <span class='ocrx_word' id='word_1_305' title='bbox 1793 3002 1964 3078; x_wconf 82' lang='lat' dir='ltr'>mala</span> <span class='ocrx_word' id='word_1_306' title='bbox 1989 3057 2011 3093; x_wconf 90' lang='lat'>,</span> <span class='ocrx_word' id='word_1_307' title='bbox 2043 3026 2403 3093; x_wconf 85' lang='lat' dir='ltr'>antequam</span> <span class='ocrx_word' id='word_1_308' title='bbox 2427 3009 2552 3082; x_wconf 90' lang='lat' dir='ltr'>hoc</span> <span class='ocrx_word' id='word_1_309' title='bbox 2577 3007 2763 3080; x_wconf 88' lang='lat' dir='ltr'>fieret</span> <span class='ocrx_word' id='word_1_310' title='bbox 2785 3059 2808 3097; x_wconf 86' lang='lat'>,</span> <span class='ocrx_word' id='word_1_311' title='bbox 2855 3003 3264 3100; x_wconf 78' lang='lat' dir='ltr'>praevidebat</span> <span class='ocrx_word' id='word_1_312' title='bbox 3303 3001 3486 3076; x_wconf 82' lang='lat' dir='ltr'>facile</span> <span class='ocrx_word' id='word_1_313' title='bbox 3536 3004 3651 3077; x_wconf 83' lang='lat' dir='ltr'>illis</span> <span class='ocrx_word' id='word_1_314' title='bbox 3671 3023 3841 3075; x_wconf 82' lang='lat' dir='ltr'>even-</span> 
     </span>
     <span class='ocr_line' id='line_1_27' title="bbox 968 3097 3839 3197; baseline -0.003 -21.441"><span class='ocrx_word' id='word_1_315' title='bbox 968 3109 1119 3176; x_wconf 85' lang='lat' dir='ltr'>tura</span> <span class='ocrx_word' id='word_1_316' title='bbox 1141 3097 1348 3186; x_wconf 67' lang='lat' dir='ltr'>,·&#39;·&#39;tum</span> <span class='ocrx_word' id='word_1_317' title='bbox 1373 3104 1557 3193; x_wconf 79' lang='lat' dir='ltr'>&#39;quod</span> <span class='ocrx_word' id='word_1_318' title='bbox 1582 3099 1729 3173; x_wconf 80' lang='lat' dir='ltr'>suos</span> <span class='ocrx_word' id='word_1_319' title='bbox 1759 3103 1795 3172; x_wconf 75' lang='grc' dir='ltr'>ὲ</span> <span class='ocrx_word' id='word_1_320' title='bbox 1818 3103 2063 3197; x_wconf 80' lang='lat' dir='ltr'>reliqua</span> <span class='ocrx_word' id='word_1_321' title='bbox 2107 3106 2453 3177; x_wconf 85' lang='lat' dir='ltr'>hominum</span> <span class='ocrx_word' id='word_1_322' title='bbox 2495 3104 2865 3179; x_wconf 87' lang='lat' dir='ltr'>colluvione</span> <span class='ocrx_word' id='word_1_323' title='bbox 2888 3102 3176 3194; x_wconf 85' lang='lat' dir='ltr'>separare</span> <span class='ocrx_word' id='word_1_324' title='bbox 3201 3101 3477 3175; x_wconf 87' lang='lat' dir='ltr'>volebat</span> <span class='ocrx_word' id='word_1_325' title='bbox 3506 3131 3528 3184; x_wconf 68' lang='grc' dir='ltr'>ς</span> <span class='ocrx_word' id='word_1_326' title='bbox 3560 3100 3839 3190; x_wconf 77' lang='lat' dir='ltr'>simulque</span> 
     </span>
    </p>
   </div>
   <div class='ocr_carea' id='block_1_8' title="bbox 969 3200 3832 3305">
    <p class='ocr_par' dir='ltr' id='par_1_9' title="bbox 969 3200 3832 3305">
     <span class='ocr_line' id='line_1_28' title="bbox 969 3200 3832 3305; baseline -0.003 -30"><span class='ocrx_word' id='word_1_327' title='bbox 969 3204 1303 3293; x_wconf 55' lang='lat' dir='ltr'>hominm,</span> <span class='ocrx_word' id='word_1_328' title='bbox 1328 3202 1441 3295; x_wconf 89' lang='lat' dir='ltr'>qui</span> <span class='ocrx_word' id='word_1_329' title='bbox 1471 3219 1710 3271; x_wconf 86' lang='lat' dir='ltr'>terram</span> <span class='ocrx_word' id='word_1_330' title='bbox 1740 3200 2007 3274; x_wconf 85' lang='lat' dir='ltr'>Canaan</span> <span class='ocrx_word' id='word_1_331' title='bbox 2026 3254 2051 3291; x_wconf 87' lang='lat'>,</span> <span class='ocrx_word' id='word_1_332' title='bbox 2078 3226 2276 3305; x_wconf 80' lang='lat' dir='ltr'>quam</span> <span class='ocrx_word' id='word_1_333' title='bbox 2320 3205 2571 3299; x_wconf 87' lang='lat' dir='ltr'>populo</span> <span class='ocrx_word' id='word_1_334' title='bbox 2599 3202 2715 3277; x_wconf 89' lang='lat' dir='ltr'>suo</span> <span class='ocrx_word' id='word_1_335' title='bbox 2746 3201 3217 3287; x_wconf 82' lang='lat' dir='ltr'>destinaverat,</span> <span class='ocrx_word' id='word_1_336' title='bbox 3249 3218 3510 3274; x_wconf 85' lang='lat' dir='ltr'>mature</span> <span class='ocrx_word' id='word_1_337' title='bbox 3555 3202 3832 3281; x_wconf 82' lang='lat' dir='ltr'>colerent,</span> 
     </span>
    </p>
   </div>
   <div class='ocr_carea' id='block_1_9' title="bbox 908 3292 3848 3494">
    <p class='ocr_par' dir='ltr' id='par_1_10' title="bbox 908 3292 3848 3494">
     <span class='ocr_line' id='line_1_29' title="bbox 949 3292 3844 3397; baseline -0.004 -22"><span class='ocrx_word' id='word_1_338' title='bbox 949 3302 1371 3397; x_wconf 61' lang='lat' dir='ltr'>praemittere</span> <span class='ocrx_word' id='word_1_339' title='bbox 1402 3326 1422 3379; x_wconf 81' lang='lat'><em>3</em></span> <span class='ocrx_word' id='word_1_340' title='bbox 1452 3296 1676 3370; x_wconf 87' lang='lat' dir='ltr'>statuit</span> <span class='ocrx_word' id='word_1_341' title='bbox 1703 3298 1829 3372; x_wconf 88' lang='lat' dir='ltr'>hoc</span> <span class='ocrx_word' id='word_1_342' title='bbox 1883 3292 2183 3374; x_wconf 84' lang='lat' dir='ltr'>insanum</span> <span class='ocrx_word' id='word_1_343' title='bbox 2231 3298 2576 3395; x_wconf 75' lang='lat' dir='ltr'>confilium</span> <span class='ocrx_word' id='word_1_344' title='bbox 2603 3302 2860 3389; x_wconf 85' lang='lat' dir='ltr'>irritum</span> <span class='ocrx_word' id='word_1_345' title='bbox 2909 3298 3118 3373; x_wconf 81' lang='lat' dir='ltr'>facere</span> <span class='ocrx_word' id='word_1_346' title='bbox 3140 3350 3166 3387; x_wconf 90' lang='lat'><strong><em>,</em></strong></span> <span class='ocrx_word' id='word_1_347' title='bbox 3212 3323 3499 3395; x_wconf 88' lang='lat' dir='ltr'>eumque</span> <span class='ocrx_word' id='word_1_348' title='bbox 3551 3302 3612 3372; x_wconf 92' lang='lat' dir='ltr'>in</span> <span class='ocrx_word' id='word_1_349' title='bbox 3660 3293 3844 3369; x_wconf 87' lang='lat' dir='ltr'>finem</span> 
     </span>
     <span class='ocr_line' id='line_1_30' title="bbox 908 3389 3848 3494; baseline -0.004 -22"><span class='ocrx_word' id='word_1_350' title='bbox 908 3478 909 3481; x_wconf 48' lang='lat'>,</span> <span class='ocrx_word' id='word_1_351' title='bbox 969 3400 1301 3494; x_wconf 76' lang='lat' dir='ltr'>quandam</span> <span class='ocrx_word' id='word_1_352' title='bbox 1326 3416 1518 3470; x_wconf 84' lang='lat' dir='ltr'>terrae</span> <span class='ocrx_word' id='word_1_353' title='bbox 1546 3396 1768 3470; x_wconf 76' lang='lat' dir='ltr'>incolis</span> <span class='ocrx_word' id='word_1_354' title='bbox 1787 3398 2166 3493; x_wconf 81' lang='lat' dir='ltr'>linguarum</span> <span class='ocrx_word' id='word_1_355' title='bbox 2185 3394 2633 3473; x_wconf 68' lang='lat' dir='ltr'>confusionem</span> <span class='ocrx_word' id='word_1_356' title='bbox 2656 3396 2924 3483; x_wconf 68' lang='lat' dir='ltr'>immifit,</span> <span class='ocrx_word' id='word_1_357' title='bbox 2966 3448 2989 3484; x_wconf 91' lang='lat'>,</span> <span class='ocrx_word' id='word_1_358' title='bbox 3021 3421 3156 3470; x_wconf 86' lang='lat' dir='ltr'>non</span> <span class='ocrx_word' id='word_1_359' title='bbox 3191 3397 3395 3470; x_wconf 87' lang='lat' dir='ltr'>modo</span> <span class='ocrx_word' id='word_1_360' title='bbox 3425 3418 3508 3472; x_wconf 87' lang='lat' dir='ltr'>ut</span> <span class='ocrx_word' id='word_1_361' title='bbox 3540 3453 3560 3483; x_wconf 91' lang='lat'>‚</span> <span class='ocrx_word' id='word_1_362' title='bbox 3595 3397 3737 3485; x_wconf 82' lang='lat' dir='ltr'>alter</span> <span class='ocrx_word' id='word_1_363' title='bbox 3769 3389 3848 3463; x_wconf 86' lang='lat' dir='ltr'>al·</span> 
     </span>
    </p>
   </div>
   <div class='ocr_carea' id='block_1_10' title="bbox 970 3491 3841 3595">
    <p class='ocr_par' dir='ltr' id='par_1_11' title="bbox 970 3491 3841 3595">
     <span class='ocr_line' id='line_1_31' title="bbox 970 3491 3841 3595; baseline -0.004 -24"><span class='ocrx_word' id='word_1_364' title='bbox 970 3503 1190 3571; x_wconf 83' lang='lat' dir='ltr'>terum</span> <span class='ocrx_word' id='word_1_365' title='bbox 1210 3523 1355 3570; x_wconf 86' lang='lat' dir='ltr'>non</span> <span class='ocrx_word' id='word_1_366' title='bbox 1377 3496 1800 3590; x_wconf 85' lang='lat' dir='ltr'>intelligentes</span> <span class='ocrx_word' id='word_1_367' title='bbox 1824 3548 1845 3584; x_wconf 86' lang='lat'>‚</span> <span class='ocrx_word' id='word_1_368' title='bbox 1873 3496 1959 3570; x_wconf 90' lang='lat' dir='ltr'>ab</span> <span class='ocrx_word' id='word_1_369' title='bbox 1985 3501 2245 3595; x_wconf 80' lang='lat' dir='ltr'>incepto</span> <span class='ocrx_word' id='word_1_370' title='bbox 2286 3495 2581 3570; x_wconf 77' lang='lat' dir='ltr'>desistere</span> <span class='ocrx_word' id='word_1_371' title='bbox 2605 3517 2989 3591; x_wconf 85' lang='lat' dir='ltr'>cogerentur</span> <span class='ocrx_word' id='word_1_372' title='bbox 3020 3524 3039 3576; x_wconf 82' lang='lat'>3</span> <span class='ocrx_word' id='word_1_373' title='bbox 3063 3494 3167 3568; x_wconf 89' lang='lat' dir='ltr'>sed</span> <span class='ocrx_word' id='word_1_374' title='bbox 3189 3547 3213 3582; x_wconf 89' lang='lat'>‚</span> <span class='ocrx_word' id='word_1_375' title='bbox 3243 3496 3424 3589; x_wconf 88' lang='lat' dir='ltr'>quod</span> <span class='ocrx_word' id='word_1_376' title='bbox 3460 3491 3841 3592; x_wconf 81' lang='lat' dir='ltr'>potiffimum</span> 
     </span>
    </p>
   </div>
   <div class='ocr_carea' id='block_1_11' title="bbox 852 3592 3842 3691">
    <p class='ocr_par' dir='ltr' id='par_1_12' title="bbox 852 3592 3842 3691">
     <span class='ocr_line' id='line_1_32' title="bbox 852 3592 3842 3691; baseline -0.001 -25"><span class='ocrx_word' id='word_1_377' title='bbox 852 3674 876 3681; x_wconf 12' lang='grc' dir='ltr'>,Δ</span> <span class='ocrx_word' id='word_1_378' title='bbox 946 3604 1113 3669; x_wconf 56' lang='lat' dir='ltr'>:erat</span> <span class='ocrx_word' id='word_1_379' title='bbox 1136 3647 1159 3682; x_wconf 89' lang='lat'>,</span> <span class='ocrx_word' id='word_1_380' title='bbox 1205 3615 1284 3667; x_wconf 84' lang='lat' dir='ltr'>ut</span> <span class='ocrx_word' id='word_1_381' title='bbox 1315 3597 1441 3666; x_wconf 88' lang='lat' dir='ltr'>hoc</span> <span class='ocrx_word' id='word_1_382' title='bbox 1485 3592 1622 3691; x_wconf 88' lang='lat' dir='ltr'>ipso</span> <span class='ocrx_word' id='word_1_383' title='bbox 1671 3596 2146 3690; x_wconf 85' lang='lat' dir='ltr'>intelligerent,</span> <span class='ocrx_word' id='word_1_384' title='bbox 2183 3597 2357 3668; x_wconf 89' lang='lat' dir='ltr'>nolle</span> <span class='ocrx_word' id='word_1_385' title='bbox 2393 3598 2473 3668; x_wconf 83' lang='lat' dir='ltr'>D</span> <span class='ocrx_word' id='word_1_386' title='bbox 2497 3618 2536 3670; x_wconf 69' lang='grc' dir='ltr'><em>Β</em></span> <span class='ocrx_word' id='word_1_387' title='bbox 2562 3618 2609 3670; x_wconf 82' lang='lat' dir='ltr'>u</span> <span class='ocrx_word' id='word_1_388' title='bbox 2631 3614 2693 3667; x_wconf 79' lang='grc' dir='ltr'><strong>Μ</strong></span> <span class='ocrx_word' id='word_1_389' title='bbox 2714 3646 2738 3683; x_wconf 88' lang='grc'>,</span> <span class='ocrx_word' id='word_1_390' title='bbox 2787 3618 2862 3685; x_wconf 76' lang='lat' dir='ltr'>ut</span> <span class='ocrx_word' id='word_1_391' title='bbox 2908 3617 3227 3689; x_wconf 88' lang='lat' dir='ltr'>perpetuo</span> <span class='ocrx_word' id='word_1_392' title='bbox 3269 3595 3341 3665; x_wconf 87' lang='lat' dir='ltr'>in</span> <span class='ocrx_word' id='word_1_393' title='bbox 3366 3618 3508 3669; x_wconf 91' lang='lat' dir='ltr'>uno</span> <span class='ocrx_word' id='word_1_394' title='bbox 3543 3596 3685 3668; x_wconf 76' lang='lat' dir='ltr'>loro</span> <span class='ocrx_word' id='word_1_395' title='bbox 3716 3610 3842 3662; x_wconf 80' lang='lat' dir='ltr'>oon-</span> 
     </span>
    </p>
   </div>
   <div class='ocr_carea' id='block_1_12' title="bbox 908 3684 3843 3789">
    <p class='ocr_par' dir='ltr' id='par_1_13' title="bbox 908 3684 3843 3789">
     <span class='ocr_line' id='line_1_33' title="bbox 908 3684 3843 3789; baseline -0.002 -26"><span class='ocrx_word' id='word_1_396' title='bbox 908 3704 911 3707; x_wconf 76' lang='grc'>’</span> <span class='ocrx_word' id='word_1_397' title='bbox 973 3693 1180 3783; x_wconf 65' lang='lat' dir='ltr'>iuneti</span> <span class='ocrx_word' id='word_1_398' title='bbox 1210 3694 1549 3781; x_wconf 80' lang='lat' dir='ltr'>manerent</span> <span class='ocrx_word' id='word_1_399' title='bbox 1573 3719 1594 3772; x_wconf 88' lang='lat'>;</span> <span class='ocrx_word' id='word_1_400' title='bbox 1625 3693 1729 3767; x_wconf 88' lang='lat' dir='ltr'>sed</span> <span class='ocrx_word' id='word_1_401' title='bbox 1759 3714 1836 3766; x_wconf 92' lang='lat' dir='ltr'>ut</span> <span class='ocrx_word' id='word_1_402' title='bbox 1860 3690 2195 3782; x_wconf 84' lang='lat' dir='ltr'>oratione,</span> <span class='ocrx_word' id='word_1_403' title='bbox 2232 3693 2386 3789; x_wconf 53' lang='lat' dir='ltr'>qt&amp;</span> <span class='ocrx_word' id='word_1_404' title='bbox 2410 3695 2679 3769; x_wconf 89' lang='lat' dir='ltr'>unicum</span> <span class='ocrx_word' id='word_1_405' title='bbox 2707 3690 3021 3765; x_wconf 86' lang='lat' dir='ltr'>societatis</span> <span class='ocrx_word' id='word_1_406' title='bbox 3048 3695 3354 3766; x_wconf 68' lang='lat' dir='ltr'>humanae</span> <span class='ocrx_word' id='word_1_407' title='bbox 3384 3695 3722 3775; x_wconf 77' lang='lat' dir='ltr'>vinculum</span> <span class='ocrx_word' id='word_1_408' title='bbox 3748 3684 3843 3778; x_wconf 68' lang='lat' dir='ltr'>est,</span> 
     </span>
    </p>
   </div>
   <div class='ocr_carea' id='block_1_13' title="bbox 975 3786 3854 3887">
    <p class='ocr_par' dir='ltr' id='par_1_14' title="bbox 975 3786 3854 3887">
     <span class='ocr_line' id='line_1_34' title="bbox 975 3786 3854 3887; baseline -0.003 -26"><span class='ocrx_word' id='word_1_409' title='bbox 975 3786 1295 3864; x_wconf 70' lang='lat' dir='ltr'>inter&#39;eos</span> <span class='ocrx_word' id='word_1_410' title='bbox 1316 3789 1518 3864; x_wconf 83' lang='lat' dir='ltr'>divisa</span> <span class='ocrx_word' id='word_1_411' title='bbox 1546 3793 1611 3862; x_wconf 87' lang='lat'>&amp;</span> <span class='ocrx_word' id='word_1_412' title='bbox 1640 3792 1888 3865; x_wconf 79' lang='lat' dir='ltr'>variata</span> <span class='ocrx_word' id='word_1_413' title='bbox 1913 3843 1936 3879; x_wconf 87' lang='lat'>,</span> <span class='ocrx_word' id='word_1_414' title='bbox 1980 3792 2244 3865; x_wconf 82' lang='lat' dir='ltr'>societas</span> <span class='ocrx_word' id='word_1_415' title='bbox 2271 3816 2536 3887; x_wconf 86' lang='lat' dir='ltr'>quoque</span> <span class='ocrx_word' id='word_1_416' title='bbox 2587 3814 2819 3864; x_wconf 84' lang='lat' dir='ltr'>eorum</span> <span class='ocrx_word' id='word_1_417' title='bbox 2875 3788 3373 3874; x_wconf 52' lang='lat' dir='ltr'>dissolve-etur,-</span> <span class='ocrx_word' id='word_1_418' title='bbox 3414 3814 3621 3885; x_wconf 90' lang='lat' dir='ltr'>atque</span> <span class='ocrx_word' id='word_1_419' title='bbox 3661 3791 3724 3861; x_wconf 92' lang='lat' dir='ltr'>in</span> <span class='ocrx_word' id='word_1_420' title='bbox 3765 3800 3854 3857; x_wconf 83' lang='lat' dir='ltr'>tot</span> 
     </span>
    </p>
   </div>
   <div class='ocr_carea' id='block_1_14' title="bbox 939 3882 3853 3985">
    <p class='ocr_par' dir='ltr' id='par_1_15' title="bbox 939 3882 3853 3985">
     <span class='ocr_line' id='line_1_35' title="bbox 939 3882 3853 3985; baseline -0.002 -25"><span class='ocrx_word' id='word_1_421' title='bbox 939 3888 1253 3978; x_wconf 80' lang='lat' dir='ltr'>‘diversas</span> <span class='ocrx_word' id='word_1_422' title='bbox 1286 3892 1486 3963; x_wconf 75' lang='lat' dir='ltr'>terras</span> <span class='ocrx_word' id='word_1_423' title='bbox 1509 3887 1765 3963; x_wconf 83' lang='lat' dir='ltr'>abirent</span> <span class='ocrx_word' id='word_1_424' title='bbox 1788 3940 1812 3977; x_wconf 84' lang='lat'>‚</span> <span class='ocrx_word' id='word_1_425' title='bbox 1845 3891 1915 3961; x_wconf 90' lang='lat' dir='ltr'>in</span> <span class='ocrx_word' id='word_1_426' title='bbox 1961 3910 2129 3984; x_wconf 88' lang='lat' dir='ltr'>quot</span> <span class='ocrx_word' id='word_1_427' title='bbox 2159 3890 2407 3983; x_wconf 82' lang='lat' dir='ltr'>linguas</span> <span class='ocrx_word' id='word_1_428' title='bbox 2434 3908 2551 3961; x_wconf 87' lang='lat' dir='ltr'>aut</span> <span class='ocrx_word' id='word_1_429' title='bbox 2593 3888 2899 3961; x_wconf 65' lang='lat' dir='ltr'>dialedtos</span> <span class='ocrx_word' id='word_1_430' title='bbox 2926 3890 3188 3961; x_wconf 82' lang='lat' dir='ltr'>unicam</span> <span class='ocrx_word' id='word_1_431' title='bbox 3213 3906 3365 3962; x_wconf 87' lang='lat' dir='ltr'>ante</span> <span class='ocrx_word' id='word_1_432' title='bbox 3396 3890 3691 3985; x_wconf 87' lang='lat' dir='ltr'>linguam</span> <span class='ocrx_word' id='word_1_433' title='bbox 3711 3882 3853 3956; x_wconf 86' lang='lat' dir='ltr'>divi-</span> 
     </span>
    </p>
   </div>
   <div class='ocr_carea' id='block_1_15' title="bbox 966 3983 3864 4277">
    <p class='ocr_par' dir='ltr' id='par_1_16' title="bbox 966 3983 3864 4277">
     <span class='ocr_line' id='line_1_36' title="bbox 975 3983 3856 4085; baseline -0.001 -26"><span class='ocrx_word' id='word_1_434' title='bbox 975 3986 1112 4060; x_wconf 82' lang='lat' dir='ltr'>sam</span> <span class='ocrx_word' id='word_1_435' title='bbox 1135 3989 1458 4075; x_wconf 78' lang='lat' dir='ltr'>viderunt.</span> <span class='ocrx_word' id='word_1_436' title='bbox 1511 3988 1673 4074; x_wconf 86' lang='lat' dir='ltr'>Qo</span> <span class='ocrx_word' id='word_1_437' title='bbox 1706 3988 1970 4082; x_wconf 83' lang='lat' dir='ltr'>quidem</span> <span class='ocrx_word' id='word_1_438' title='bbox 1994 4003 2301 4081; x_wconf 88' lang='lat' dir='ltr'>portento</span> <span class='ocrx_word' id='word_1_439' title='bbox 2329 4038 2353 4073; x_wconf 91' lang='lat'>,</span> <span class='ocrx_word' id='word_1_440' title='bbox 2384 3987 2566 4081; x_wconf 87' lang='lat' dir='ltr'>quod</span> <span class='ocrx_word' id='word_1_441' title='bbox 2588 4012 2728 4059; x_wconf 90' lang='lat' dir='ltr'>non</span> <span class='ocrx_word' id='word_1_442' title='bbox 2754 3983 2872 4059; x_wconf 85' lang='lat' dir='ltr'>nifi</span> <span class='ocrx_word' id='word_1_443' title='bbox 2924 3989 2990 4059; x_wconf 91' lang='lat' dir='ltr'>D</span> <span class='ocrx_word' id='word_1_444' title='bbox 3014 4007 3056 4060; x_wconf 77' lang='lat' dir='ltr'>E</span> <span class='ocrx_word' id='word_1_445' title='bbox 3075 4008 3124 4060; x_wconf 91' lang='grc' dir='ltr'>ο</span> <span class='ocrx_word' id='word_1_446' title='bbox 3175 3985 3464 4060; x_wconf 88' lang='lat' dir='ltr'>tribuere</span> <span class='ocrx_word' id='word_1_447' title='bbox 3491 3999 3856 4085; x_wconf 77' lang='lat' dir='ltr'>potuerunt,</span> 
     </span>
     <span class='ocr_line' id='line_1_37' title="bbox 966 4082 3434 4179; baseline -0.001 -16"><span class='ocrx_word' id='word_1_448' title='bbox 966 4086 1344 4179; x_wconf 71' lang='lat' dir='ltr'>commoti,</span> <span class='ocrx_word' id='word_1_449' title='bbox 1371 4106 1727 4179; x_wconf 84' lang='lat' dir='ltr'>paruerunt</span> <span class='ocrx_word' id='word_1_450' title='bbox 1748 4136 1773 4173; x_wconf 90' lang='lat'>,</span> <span class='ocrx_word' id='word_1_451' title='bbox 1805 4107 2003 4179; x_wconf 86' lang='lat' dir='ltr'>atque</span> <span class='ocrx_word' id='word_1_452' title='bbox 2044 4086 2116 4156; x_wconf 85' lang='lat' dir='ltr'>in</span> <span class='ocrx_word' id='word_1_453' title='bbox 2141 4083 2421 4157; x_wconf 83' lang='lat' dir='ltr'>diversas</span> <span class='ocrx_word' id='word_1_454' title='bbox 2469 4084 2700 4157; x_wconf 86' lang='lat' dir='ltr'>mundi</span> <span class='ocrx_word' id='word_1_455' title='bbox 2725 4085 2943 4179; x_wconf 79' lang='lat' dir='ltr'>plagas</span> <span class='ocrx_word' id='word_1_456' title='bbox 2961 4082 3434 4160; x_wconf 31' lang='lat' dir='ltr'>‘concess&#39;erunt</span> 
     </span>
     <span class='ocr_line' id='line_1_38' title="bbox 1168 4171 3864 4277; baseline -0.002 -17"><span class='ocrx_word' id='word_1_457' title='bbox 1168 4186 1526 4260; x_wconf 86' lang='lat' dir='ltr'>Enimvero</span> <span class='ocrx_word' id='word_1_458' title='bbox 1553 4204 1798 4275; x_wconf 82' lang='lat' dir='ltr'>quanta</span> <span class='ocrx_word' id='word_1_459' title='bbox 1824 4205 1971 4255; x_wconf 89' lang='lat' dir='ltr'>tum</span> <span class='ocrx_word' id='word_1_460' title='bbox 2002 4182 2373 4277; x_wconf 84' lang='lat' dir='ltr'>linguarum</span> <span class='ocrx_word' id='word_1_461' title='bbox 2408 4185 2688 4257; x_wconf 83' lang='lat' dir='ltr'>varietas</span> <span class='ocrx_word' id='word_1_462' title='bbox 2709 4185 3001 4259; x_wconf 84' lang='lat' dir='ltr'>extiterit</span> <span class='ocrx_word' id='word_1_463' title='bbox 3030 4226 3057 4271; x_wconf 60' lang='grc' dir='ltr'><strong><em>ς</em></strong></span> <span class='ocrx_word' id='word_1_464' title='bbox 3101 4205 3282 4256; x_wconf 85' lang='lat' dir='ltr'>oerto</span> <span class='ocrx_word' id='word_1_465' title='bbox 3309 4183 3465 4257; x_wconf 89' lang='lat' dir='ltr'>scire</span> <span class='ocrx_word' id='word_1_466' title='bbox 3511 4210 3651 4257; x_wconf 89' lang='lat' dir='ltr'>non</span> <span class='ocrx_word' id='word_1_467' title='bbox 3674 4171 3864 4277; x_wconf 69' lang='lat' dir='ltr'>possu-</span> 
     </span>
    </p>
   </div>
   <div class='ocr_carea' id='block_1_16' title="bbox 892 4277 3866 4375">
    <p class='ocr_par' dir='ltr' id='par_1_17' title="bbox 892 4277 3866 4375">
     <span class='ocr_line' id='line_1_39' title="bbox 892 4277 3866 4375; baseline -0.002 -17"><span class='ocrx_word' id='word_1_468' title='bbox 892 4352 897 4359; x_wconf 81' lang='grc'><em>,</em></span> <span class='ocrx_word' id='word_1_469' title='bbox 968 4308 1150 4363; x_wconf 78' lang='lat' dir='ltr'>mus.</span> <span class='ocrx_word' id='word_1_470' title='bbox 1209 4283 1378 4355; x_wconf 86' lang='lat' dir='ltr'>Illud</span> <span class='ocrx_word' id='word_1_471' title='bbox 1405 4277 1550 4350; x_wconf 83' lang='lat' dir='ltr'>sane</span> <span class='ocrx_word' id='word_1_472' title='bbox 1574 4279 1913 4372; x_wconf 83' lang='lat' dir='ltr'>probabile</span> <span class='ocrx_word' id='word_1_473' title='bbox 1940 4282 2217 4355; x_wconf 85' lang='lat' dir='ltr'>minime</span> <span class='ocrx_word' id='word_1_474' title='bbox 2253 4281 2366 4369; x_wconf 87' lang='lat' dir='ltr'>est,</span> <span class='ocrx_word' id='word_1_475' title='bbox 2417 4283 2681 4356; x_wconf 66' lang='lat' dir='ltr'>Duum</span> <span class='ocrx_word' id='word_1_476' title='bbox 2724 4298 2873 4352; x_wconf 89' lang='lat' dir='ltr'>tum</span> <span class='ocrx_word' id='word_1_477' title='bbox 2919 4283 3237 4375; x_wconf 82' lang='lat' dir='ltr'>temporis</span> <span class='ocrx_word' id='word_1_478' title='bbox 3275 4279 3458 4355; x_wconf 86' lang='lat' dir='ltr'>suam</span> <span class='ocrx_word' id='word_1_479' title='bbox 3505 4284 3742 4373; x_wconf 85' lang='lat' dir='ltr'>cuique</span> <span class='ocrx_word' id='word_1_480' title='bbox 3762 4300 3866 4371; x_wconf 84' lang='lat' dir='ltr'>po-</span> 
     </span>
    </p>
   </div>
   <div class='ocr_carea' id='block_1_17' title="bbox 975 4369 3867 4476">
    <p class='ocr_par' dir='ltr' id='par_1_18' title="bbox 975 4369 3867 4476">
     <span class='ocr_line' id='line_1_40' title="bbox 975 4369 3867 4476; baseline -0.003 -23"><span class='ocrx_word' id='word_1_481' title='bbox 975 4383 1140 4476; x_wconf 77' lang='lat' dir='ltr'>pulo</span> <span class='ocrx_word' id='word_1_482' title='bbox 1174 4382 1466 4476; x_wconf 85' lang='lat' dir='ltr'>linguam</span> <span class='ocrx_word' id='word_1_483' title='bbox 1488 4373 1821 4453; x_wconf 78' lang='lat' dir='ltr'>infudiffe:</span> <span class='ocrx_word' id='word_1_484' title='bbox 1854 4404 2007 4452; x_wconf 88' lang='lat' dir='ltr'>cum</span> <span class='ocrx_word' id='word_1_485' title='bbox 2031 4378 2146 4453; x_wconf 60' lang='lat' dir='ltr'>isba</span> <span class='ocrx_word' id='word_1_486' title='bbox 2189 4381 2439 4454; x_wconf 86' lang='lat' dir='ltr'>ratione</span> <span class='ocrx_word' id='word_1_487' title='bbox 2486 4380 2761 4453; x_wconf 84' lang='lat' dir='ltr'>totidem</span> <span class='ocrx_word' id='word_1_488' title='bbox 2787 4378 3034 4452; x_wconf 81' lang='lat' dir='ltr'>divinae</span> <span class='ocrx_word' id='word_1_489' title='bbox 3061 4381 3306 4475; x_wconf 81' lang='lat' dir='ltr'>linguae</span> <span class='ocrx_word' id='word_1_490' title='bbox 3339 4379 3718 4461; x_wconf 75' lang='lat' dir='ltr'>extitiffent5</span> <span class='ocrx_word' id='word_1_491' title='bbox 3749 4369 3867 4469; x_wconf 71' lang='lat' dir='ltr'>ipsa</span> 
     </span>
    </p>
   </div>
   <div class='ocr_carea' id='block_1_18' title="bbox 940 4472 3866 4670">
    <p class='ocr_par' dir='ltr' id='par_1_19' title="bbox 940 4472 3866 4670">
     <span class='ocr_line' id='line_1_41' title="bbox 940 4472 3866 4670; baseline -0.001 -123"><span class='ocrx_word' id='word_1_492' title='bbox 940 4538 949 4547; x_wconf 94' lang='lat'>.</span> <span class='ocrx_word' id='word_1_493' title='bbox 981 4480 1089 4553; x_wconf 82' lang='lat' dir='ltr'>illa</span> <span class='ocrx_word' id='word_1_494' title='bbox 1106 4477 1640 4670; x_wconf 49' lang='lat' dir='ltr'>Hebraeagfflquae</span> <span class='ocrx_word' id='word_1_495' title='bbox 1661 4529 1687 4565; x_wconf 85' lang='lat'>‚</span> <span class='ocrx_word' id='word_1_496' title='bbox 1715 4498 1795 4553; x_wconf 89' lang='lat' dir='ltr'>ut</span> <span class='ocrx_word' id='word_1_497' title='bbox 1821 4479 2105 4555; x_wconf 79' lang='lat' dir='ltr'>vidimus</span> <span class='ocrx_word' id='word_1_498' title='bbox 2121 4530 2145 4566; x_wconf 89' lang='lat'>,</span> <span class='ocrx_word' id='word_1_499' title='bbox 2177 4480 2524 4551; x_wconf 87' lang='lat' dir='ltr'>hominum</span> <span class='ocrx_word' id='word_1_500' title='bbox 2562 4475 2949 4549; x_wconf 88' lang='lat' dir='ltr'>institutioni</span> <span class='ocrx_word' id='word_1_501' title='bbox 2985 4481 3352 4552; x_wconf 84' lang='lat' dir='ltr'>maximam</span> <span class='ocrx_word' id='word_1_502' title='bbox 3397 4500 3660 4573; x_wconf 87' lang='lat' dir='ltr'>partem</span> <span class='ocrx_word' id='word_1_503' title='bbox 3681 4472 3866 4559; x_wconf 72' lang='lat' dir='ltr'>,debe-</span> 
     </span>
    </p>
   </div>
   <div class='ocr_carea' id='block_1_19' title="bbox 970 4571 3884 4844">
    <p class='ocr_par' dir='ltr' id='par_1_20' title="bbox 970 4571 3884 4844">
     <span class='ocr_line' id='line_1_42' title="bbox 970 4571 3872 4671; baseline -0.001 -24"><span class='ocrx_word' id='word_1_504' title='bbox 970 4596 1090 4659; x_wconf 82' lang='lat' dir='ltr'>,tur</span> <span class='ocrx_word' id='word_1_505' title='bbox 1117 4626 1142 4666; x_wconf 88' lang='lat'>,</span> <span class='ocrx_word' id='word_1_506' title='bbox 1167 4577 1361 4671; x_wconf 87' lang='lat' dir='ltr'>longe</span> <span class='ocrx_word' id='word_1_507' title='bbox 1530 4576 1798 4651; x_wconf 67' lang='lat' dir='ltr'>efflores</span> <span class='ocrx_word' id='word_1_508' title='bbox 1823 4605 1841 4649; x_wconf 73' lang='lat' dir='ltr'><strong><em>z</em></strong></span> <span class='ocrx_word' id='word_1_509' title='bbox 1870 4578 2091 4671; x_wconf 87' lang='lat' dir='ltr'>itaque</span> <span class='ocrx_word' id='word_1_510' title='bbox 2122 4575 2229 4651; x_wconf 85' lang='lat' dir='ltr'>ina</span> <span class='ocrx_word' id='word_1_511' title='bbox 2270 4578 2644 4669; x_wconf 85' lang='lat' dir='ltr'>linguarum</span> <span class='ocrx_word' id='word_1_512' title='bbox 2677 4571 2974 4648; x_wconf 74' lang='lat' dir='ltr'>confirfio</span> <span class='ocrx_word' id='word_1_513' title='bbox 2999 4573 3394 4649; x_wconf 84' lang='lat' dir='ltr'>beneficium</span> <span class='ocrx_word' id='word_1_514' title='bbox 3429 4580 3655 4651; x_wconf 86' lang='lat' dir='ltr'>verius</span> <span class='ocrx_word' id='word_1_515' title='bbox 3684 4590 3872 4667; x_wconf 81' lang='lat' dir='ltr'>quam</span> 
     </span>
     <span class='ocr_line' id='line_1_43' title="bbox 973 4671 3884 4844; baseline -0.001 -92"><span class='ocrx_word' id='word_1_516' title='bbox 973 4698 1179 4772; x_wconf 66' lang='lat' dir='ltr'>‚poena</span> <span class='ocrx_word' id='word_1_517' title='bbox 1218 4671 1452 4753; x_wconf 68' lang='lat' dir='ltr'>suntet.</span> <span class='ocrx_word' id='word_1_518' title='bbox 1578 4674 1818 4774; x_wconf 81' lang='lat' dir='ltr'>Neque</span> <span class='ocrx_word' id='word_1_519' title='bbox 1867 4678 2066 4755; x_wconf 71' lang='lat' dir='ltr'>etiam</span> <span class='ocrx_word' id='word_1_520' title='bbox 2114 4673 2397 4771; x_wconf 77' lang='lat' dir='ltr'>pristinae</span> <span class='ocrx_word' id='word_1_521' title='bbox 2448 4675 2689 4770; x_wconf 75' lang='lat' dir='ltr'>linguae</span> <span class='ocrx_word' id='word_1_522' title='bbox 2733 4693 2852 4749; x_wconf 87' lang='lat' dir='ltr'>aut</span> <span class='ocrx_word' id='word_1_523' title='bbox 2875 4677 2882 4683; x_wconf 84' lang='grc'><strong>’</strong></span> <span class='ocrx_word' id='word_1_524' title='bbox 2909 4698 3137 4809; x_wconf 73' lang='lat' dir='ltr'>omnes</span> <span class='ocrx_word' id='word_1_525' title='bbox 3175 4695 3289 4749; x_wconf 81' lang='lat' dir='ltr'>aut</span> <span class='ocrx_word' id='word_1_526' title='bbox 3330 4676 3695 4844; x_wconf 59' lang='lat' dir='ltr'>plurimossso</span> <span class='ocrx_word' id='word_1_527' title='bbox 3743 4671 3884 4839; x_wconf 45' lang='grc' dir='ltr'><strong>Εἴθε.</strong></span> 
     </span>
    </p>
   </div>
   <div class='ocr_carea' id='block_1_20' title="bbox 4099 2 4104 1322">
    <p class='ocr_par' dir='ltr' id='par_1_21' title="bbox 4099 2 4104 1322">
     <span class='ocr_line' id='line_1_44' title="bbox 4099 2 4104 1322; baseline 0 0"><span class='ocrx_word' id='word_1_528' title='bbox 4099 2 4104 1322; x_wconf 95' lang='lat' dir='ltr'> </span> 
     </span>
    </p>
   </div>
   <div class='ocr_carea' id='block_1_21' title="bbox 4095 1575 4109 5629">
    <p class='ocr_par' dir='ltr' id='par_1_22' title="bbox 4095 1575 4109 5629">
     <span class='ocr_line' id='line_1_45' title="bbox 4095 1575 4109 5629; baseline 0 0"><span class='ocrx_word' id='word_1_529' title='bbox 4095 1575 4109 5629; x_wconf 95' lang='lat' dir='ltr'> </span> 
     </span>
    </p>
   </div>
  </div>
 </body>
</html>
