4188 5670
2055 261 2146 381 Χ
2276 289 2441 366 1³0
2557 260 2652 378 ><

2277 1946 2362 2032 n

884 1950 3842 2335 FINIBUSEMUNDI

1547 2443 1661 2550 D
1792 2443 1848 2547 1
1964 2438 2073 2561 A
2197 2440 2290 2560 L
2409 2441 2516 2541 Ο
2640 2434 2763 2559 G
2874 2434 3024 2553 U
3092 2437 3568 2553 S..-

2084 2837 2089 2841 ’
2137 2834 2211 2925 O
2234 2868 2342 2943 [Α
2363 2865 2423 2921 Μ
2444 2865 2490 2918 Α
2511 2812 2633 2920 ΤΗ
2644 2865 2697 2919 Ε
2720 2865 2785 2920 Μ
2860 2819 3295 2940 superioribus
3349 2827 3579 2935 diebus
3619 2827 3848 2914 conve-

2066 2951 2067 2957 ’
2210 2968 2512 3022 ner-amus
2535 2992 2559 3027 ,
2611 2968 2812 3034 quem
2862 2966 3011 3016 tum
3069 2939 3287 3016 nescio
3345 2969 3500 3037 quae
3549 2932 3851 3013 valetudi-

2213 3048 2310 3132 nis
2366 3037 2775 3113 imbecillitas
2821 3037 3022 3117 domi
3047 3038 3315 3114 tenebat
3355 3091 3380 3128 ‚
3427 3066 3554 3137 ego
3590 3039 3655 3111 ἃ
3703 3036 3850 3108 Dae-

2179 3145 2393 3216 dalus
2435 3135 2670 3236 noster.
2781 3139 2913 3211 Hic
2943 3164 3150 3234 pauca
3191 3139 3420 3227 initio,
3473 3138 3741 3220 obiter',
3798 3133 3858 3204 δι

2203 3267 2278 3315 ea
2324 3225 2458 3310 fere
2482 3286 2511 3323 ,
2573 3237 2731 3347 quae
2789 3239 2859 3310 in
2903 3239 3119 3334 primo
3181 3263 3383 3333 congr
3384 3235 3514 3310 effu
3585 3227 3750 3308 ‘12³⁵ss
3770 3231 3863 3302 ul-

2204 3359 2310 3414 tro
2372 3328 2651 3411 offerre
2682 3338 2912 3421 solent.
3037 3335 3266 3415 Postea
3338 3335 3648 3430 paulatim
3697 3332 3734 3415 ,⁹
3785 3345 3861 3398 ut

2210 3439 2423 3525 nostra
2478 3439 2743 3534 quidem
2790 3435 2919 3515 fert
2970 3433 3372 3519 consuetudo
3390 3485 3415 3522 ,
3449 3432 3531 3518 ad
3560 3450 3865 3503 commu-

2208 3541 2315 3615 nia
2362 3467 2571 3627 studia
2612 3535 2978 3618 sermonem
3042 3531 3442 3610 defleximus.

2324 3638 2518 3718 Forte
2558 3619 2988 3732 Philosophiae
3048 3616 3445 3705 Cartefianae
3494 3627 3745 3702 mentio
3774 3625 3867 3698 in-

2112 3747 2116 3752 ’
2198 3723 2480 3806 ciderat.
2525 3727 2616 3800 ibi
2660 3722 2978 3799 continuo
3024 3729 3386 3816 Daedalus,
3406 3749 3512 3801 ut
3555 3726 3647 3800 est
3688 3743 3871 3797 natu-

2197 3857 2266 3900 ra
2304 3828 2627 3908 disertus
2597 3877 2622 3913 ‚
2661 3825 2888 3908 multis
2925 3825 3296 3915 Cartefium
3336 3817 3648 3914 laudare3
3688 3825 3874 3905 mira-

2203 3928 2257 3997 ri
2313 3925 2592 3998 hominis
2640 3925 2977 4018 ingenium
3027 3924 3259 3998 subtile
3286 3928 3522 4019 pariter
3548 3928 3612 3997 δε
3644 3946 3875 4018 capax,

918 4028 1247 4116 iudicium
1272 4048 1467 4110 acre,
1494 4033 1745 4096 vastam
1795 4050 2017 4097 rerum
2043 4024 2477 4118 plurimarum
2512 4047 2867 4115 earumque
2917 4021 3532 4111 abstrufiffimarum
3582 4044 3885 4117 compre-

926 4119 1305 4199 henfionem
1335 4145 1490 4195 cum
1518 4119 1824 4216 singulari
1861 4122 2164 4194 dictionis
2195 4121 2655 4217 perspicuitate
2692 4121 3163 4211 conjunctam·
3139 4169 3160 4204 ‚
3210 4123 3458 4195 caeteris
3485 4121 3708 4214 deniq3
3745 4144 3884 4192 non

926 4219 1198 4297 obscure
1252 4221 1390 4313 ejus
1464 4220 1943 4334 Philosophiam
1992 4239 2147 4293 ante
2201 4245 2504 4315 ponere.
2540 4221 2876 4314 deplorare
2917 4219 3236 4293 invidiam
3261 4218 3489 4307 seculi,
3535 4219 3718 4313 quod
3750 4243 3891 4292 non

924 4315 1046 4393 nisi
1093 4319 1425 4413 vulgaria'
1407 4321 1662 4415 mgenia
1690 4315 1859 4391 ferre
1900 4315 2124 4433 possit·
2163 4346 2194 4412 5
2256 4344 2321 4390 m
2368 4343 2601 4391 eorum
2631 4314 3036 4414 potiffimum
3071 4319 3484 4412 iniquitatem
3531 4320 3890 4391 vehemen-

923 4421 1050 4491 tius
1095 4418 1362 4504 invehi,
1425 4421 1539 4511 qui
1567 4414 1722 4491 ficta
1749 4416 2006 4490 summo
2058 4416 2205 4487 viro
2239 4417 2534 4488 crimina
2571 4419 2942 4504 intentare,
2999 4418 3200 4510 quam
3221 4441 3378 4489 vera
3417 4417 3579 4489 DEI
3632 4417 3728 4490 Ο.
3776 4417 3884 4490 Μ.

924 4517 1145 4611 dona
1126 4541 1195 4590 m
1215 4541 1295 4594 eo
1322 4515 1677 4612 agnoscere
1703 4517 1961 4600 malint.
2027 4515 2214 4611 Tum
2246 4516 2719 4603 Polymathesz
2780 4517 3092 4616 Eleganter
3124 4534 3202 4588 tu
3238 4514 3430 4598 isthac
3482 4512 3576 4601 &²
3618 4514 3844 4610 copicffe
3869 4562 3893 4599 ‚
