4188 5670
976 297 1123 447 {44
2068 294 2906 402 Luc-rrouns

952 530 1075 605 sati
1107 487 1141 614 ,ί
1171 519 1255 599 ad
1310 507 1763 613 intelligendos
1809 510 2017 593 libros
2057 515 2185 585 hoc
2221 507 2365 581 stilo
2393 503 2661 599 scriptos
2675 499 2715 593 ',
2775 504 2944 578 inter
2976 525 3142 597 quos
3184 503 3250 575 δε
3293 503 3485 576 multi
3541 497 3605 575 S.
3651 501 3920 578 Litera:

886 661 893 670 ·
959 651 1108 704 rum
1153 624 1301 697 libri
1331 619 1485 693 sunt
1512 613 1864 705 referendi,
1914 614 2167 685 oeeteris
2215 609 2364 682 hac*
2395 604 2618 678 saltem
2668 605 2737 677 in
2790 619 2975 701 parte
3007 595 3133 674 sint
3171 599 3472 695 aptiores.

1156 775 1283 850 Sed
1337 772 1483 843 haec
1538 763 1623 836 ad
1666 762 1860 856 primi
1899 755 2168 836 canonis
2217 753 2686 828 hermeneutici
2731 725 3221 845 intelligentiam
3263 751 3608 834 sufficiant.
3687 763 3911 837 Dabi.

962 899 1073 954 ‘tur
1117 871 1309 946 nobis
1357 866 1478 940 suo
1515 883 1817 955 tempore
1849 854 2104 931 occasro
2151 855 2233 926 ad
2267 853 2435 924 hanc
2473 851 2770 946 regulam
2825 852 3193 946 generalem
3219 856 3439 929 multis
3472 864 3804 957 exemplis
3831 862 3900 935 ss-

966 969 1361 1049 lustrandam
1392 1015 1415 1052 ,
1466 958 1787 1054 simulque
1827 981 1911 1030 ex
1948 975 2027 1029 ea
2080 952 2336 1048 regulas
2384 947 2780 1045 specialiores
2820 949 3241 1026 deducendas.

1950 1234 2912 1384 CAPUT'V.

977 1529 1417 1646 Ostenditur
1446 1526 1523 1603 in
1561 1505 1849 1635 specie,
1886 1507 2189 1627 sensiam
2233 1529 2367 1595 non
2412 1505 2546 1627 effi·
2599 1532 3235 1614 Poenarum,
3277 1509 3418 1623 nist
3460 1473 3892 1602 aeb‘aisam

1408 1669 1419 1674 ·
1874 1635 2201 1746 potuerit
2272 1622 2404 1744 effi
2482 1651 3035 1716 ικτικτυε.
3548 1665 3562 1680 ·

982 1856 1168 2045 N
1190 1875 1336 1948 Unc
1386 1873 1714 1968 pergimus
1766 1858 2187 1962 adulterum
2218 1915 2240 1956 ‚
2303 1863 2485 1962 quod
2529 1859 2988 1961 inquirendum
3051 1861 3482 1939 indicavimus
3510 1916 3534 1953 ,
3592 1867 3673 1940 ad
3713 1874 3877 1945 certi.

1187 1976 1483 2044 tudinem
1529 1970 1666 2059 ejus
1705 1964 1917 2039 senfin
1950 1966 2517 2042 determinandam
2539 1994 2566 2050 ‚-
2620 1987 2781 2037 num
2827 1963 3058 2038 scilicet
3098 1966 3201 2036 hic
3245 1984 3361 2034 aut
3403 1965 3512 2036 ille
3551 1964 3746 2042 sensus
3770 1995 3877 2063 po·

975 2073 1179 2144 'tuerit
1223 2068 1344 2142 effe
1378 2066 1465 2141 ab
1499 2068 1784 2139 Auctore
1842 2072 2342 2141 iN'erTus.
2407 2065 2585 2138 Cum
2637 2088 2798 2137 vero
2839 2064 3053 2136 omnis
3097 2064 3424 2154 Scriptura
3476 2065 3773 2142 divinitus
3801 2065 3875 2138 fit

974 2168 1283 2263 inspirata
1303 2219 1328 2256 ‚
1371 2165 1612 2258 duplex
1662 2164 1766 2234 hic
1797 2170 2047 2238 intentio
2108 2159 2496 2240 considerari
2539 2161 2767 2255 potest.
2863 2185 2919 2237 1.
2966 2163 3238 2256 Spiritus
3285 2157 3484 2232 saneti
3507 2214 3530 2246 ‚
3577 2187 3615 2234 a
3659 2193 3784 2260 quo
3809 2167 3866 2240 S.

983 2263 1340 2362 Scriptores
1383 2265 1533 2338 sunt
1575 2259 1705 2336 affl
1771 2262 1836 2333 ἆ
1887 2254 2194 2347 inspirati.
2256 2280 2321 2337 2.
2391 2257 2687 2355 Ipsorum
2745 2261 3018 2354 Spiritus
3084 2261 3145 2333 S.
3198 2283 3647 2351 organorum,
3719 2267 3864 2337 Pro.

948 2369 1330 2460 fphetarum
1352 2416 1378 2451 ,
1413 2359 1878 2457 Apostolorum
1907 2411 1931 2447 ‚
1966 2353 2522 2454 Evangelistarum
2542 2386 2568 2439 ,ε
2617 2360 2849 2449 hicque
2896 2379 3046 2431 ante
3103 2359 3327 2430 omnia
3372 2360 3572 2449 quaeri
3616 2360 3859 2453 potest3

981 2487 1146 2537 num
1186 2463 1291 2536 hae
1330 2465 1484 2536 duae
1537 2459 1927 2532 intentiones
1971 2457 2320 2552 aliquando
2358 2450 2685 2542 differant,
2739 2458 2827 2528 ita
2874 2477 2950 2527 ut
2974 2457 3148 2529 aliud
3174 2455 3460 2529 homines
3498 2449 3855 2538 &simas-u,

980 2559 1157 2636 'aliud
1182 2560 1316 2658 ipse
1360 2561 1579 2647 Deus,
1635 2561 1749 2653 qui
1796 2559 1912 2653 per
1961 2583 2075 2631 eos
2124 2555 2381 2629 locutus
2425 2554 2517 2628 est
2536 2606 2561 2644 ,
2616 2552 2946 2629 intendiffe
2991 2550 3345 2629 dicantur?

1178 2712 1285 2786 Ad
1330 2714 1511 2808 quod
1554 2709 1913 2806 respondeo
1940 2759 1964 2795 ‚
2026 2710 2381 2805 Scriptores
2426 2707 2634 2783 sacros
2680 2711 2835 2782 nihil
2880 2703 3247 2795 intendistis,
3304 2707 3489 2800 quod
3518 2732 3648 2780 non
3672 2706 3866 2777 inten-

983 2813 1156 2885 derit
1201 2838 1466 2908 quoque
1512 2811 1785 2905 Spiritus
1828 2812 1890 2885 S.
1930 2827 2007 2882 ut
2040 2811 2153 2903 qui
2205 2834 2340 2881 non
2391 2810 2596 2882 modo
2644 2827 2915 2882 externa
2968 2831 3200 2881 eorum
3255 2809 3458 2880 verba
3483 2859 3506 2894 ‚
3557 2807 3662 2879 sed
3690 2806 3866 2879 etiam

988 2914 1313 2987 internam
1359 2912 1790 2985 intentionem
1829 2910 2083 2982 direxit.
2153 2908 2382 2981 Potuit
2427 2930 2649 2980 tamen
2675 2909 2945 2993 Spiritus
2978 2909 3100 2979 Dei
3136 2904 3480 3000 aliquando
3511 2908 3659 2998 plus
3686 2906 3869 2976 inten-

984 3004 1140 3077 dere
1166 3044 1185 3077 ³
1232 3033 1431 3099 quam
1481 3007 1590 3078 sua
1640 3028 1927 3100 organa,
1979 3009 2070 3078 ita
2142 3026 2215 3076 ut
2246 3008 2344 3076 his
2397 3008 2536 3076 non
2579 3007 2800 3076 omnis
2832 3006 2969 3098 ejus
3002 3008 3280 3078 intentio
3323 3022 3480 3076 nota
3519 3004 3734 3077 fuerit.
3805 3000 3871 3072 Id

990 3126 1227 3176 verum
1268 3105 1486 3197 primo
1528 3105 1618 3174 est
1660 3105 1742 3173 de
1774 3098 2061 3173 senfibus
2102 3103 2456 3192 Scripturae
2476 3101 2915 3193 fhbordinatis‚
2957 3107 2998 3175 i.
3028 3128 3083 3175 e.
3124 3101 3514 3198 iis'quorum
3558 3104 3664 3176 alii
3705 3126 3779 3174 ex
3816 3122 3873 3170 a·

991 3200 1090 3273 liis
1134 3196 1466 3272 neceffaria
1498 3198 1911 3299 consequentia
1936 3197 2170 3272 fluunt.
2245 3201 2376 3273 Hic
2423 3203 2643 3294 negari
2685 3204 2912 3295 nequit
2964 3252 2986 3287 ‚
3041 3201 3351 3295 Spiritum
3398 3204 3461 3276 S.
3519 3204 3631 3296 qui
3669 3197 3875 3273 omnia

991 3300 1301 3395 praevidit
1325 3349 1349 3387 ‚
1403 3323 1684 3393 quaecun
1733 3324 1817 3371 ue
1856 3323 1963 3393 ‘ex
2008 3297 2239 3370 diserte
2290 3298 2473 3370 dietis
2518 3299 2803 3392 legitime
2856 3299 3154 3372 concludi
3196 3298 3459 3395 pofl'unt
3490 3352 3512 3385 ‚
3565 3299 3669 3372 illa
3724 3321 3875 3391 quo-

986 3424 1120 3492 que
1161 3400 1381 3471 omnia
1426 3398 1671 3470 intend'
1721 3422 1807 3480 ες
1856 3422 2006 3492 quoe
2041 3396 2318 3491 quidem·
2356 3398 2523 3470 ratio
2553 3397 2646 3469 est
2687 3449 2710 3484 ‚
2763 3400 2944 3492 quod
2979 3397 3290 3491 legitimoe
3341 3397 3758 3497 consequentia
3798 3416 3872 3465 ex

982 3499 1055 3570 S.
1095 3499 1611 3667 Sderiptura'non
1655 3498 1880 3572 minus
1928 3495 2294 3570 habeantur
2320 3520 2444 3591 pro
2495 3494 2703 3570 verbo
2746 3499 2915 3577 Dei,
2950 3520 3155 3589 quam
3180 3549 3204 3586 ,
3261 3521 3415 3593 quae
3457 3495 3754 3584 ἆυτολεξιὶ
3807 3495 3867 3564 in

983 3616 1065 3665 ea
1130 3597 1431 3670 “cnutum
2727 3640 2738 3647 -

1181 3735 1368 3818 Idem
1410 3764 1546 3821 non
1592 3742 1720 3822 dici
1764 3740 1992 3845 potest·
2030 3750 2116 3822 de
2169 3750 2443 3844 Spiritus
2481 3742 2544 3821 S.
2599 3744 2858 3844 organis
2900 3799 2924 3836 ,
2961 3750 3075 3841 qui
3115 3773 3252 3822 non
3298 3772 3527 3822 omnes
3569 3740 3871 3838 1egitimas

984 3840 1423 3937 consequentias
1474 3871 1555 3916 ex
1597 3843 1815 3917 verbis
1864 3845 1988 3917 suis
2037 3848 2343 3919 dedustas
2365 3898 2389 3932 ,
2442 3869 2556 3918 aut
2602 3846 3002 3940 inposterum
3060 3846 3466 3920 deducendas
3505 3845 3811 3918 viderunt
3848 3863 3872 3919 ἰ

985 3959 1067 4012 uc
1120 3960 1463 4035 propterea
1496 3968 1605 4013 eas
1658 3940 1882 4013 saltem
1920 3944 2185 4033 drssinfle
2209 3940 2537 4015 intendere
2567 3970 2704 4015 non
2738 3965 3135 4039 potuerunt3
3167 3945 3271 4018 sed
3319 3967 3582 4019 tantum
3612 3944 3874 4015 intentio-

990 4060 1066 4110 ne
1094 4040 1412 4136 generali,
1459 4034 1616 4111 nihil
1662 4040 1914 4111 dicendi
1937 4092 1959 4126 ‚
2019 4062 2103 4111 ex
2159 4065 2296 4134 quo
2337 4037 2565 4111 falsum
2619 4042 2902 4137 legitime
2946 4046 3242 4116 concludi
3308 4040 3522 4138 poffit.
3666 4046 3875 4128 Quam

991 4138 1425 4208 intentionem
1462 4135 1736 4231 quilibet
1763 4135 2002 4217 habet,
2060 4142 2171 4230 qui
2208 4134 2268 4213 se
2297 4163 2530 4211 verum
2567 4140 2779 4213 dicere
2827 4161 3033 4236 putat.
3123 4142 3244 4216 Sed
3275 4144 3341 4214 &
3370 4144 3498 4215 hoc
3543 4163 3779 4212 verum
3798 4129 3878 4205 es·

990 4232 1057 4305 se
1089 4232 1341 4327 potest,
1388 4235 1469 4307 de
1520 4231 1911 4325 quibusdam
1950 4235 2246 4311 sensibus
2305 4239 2659 4312 coordinatis
2692 4291 2716 4326 ‚
2757 4242 2799 4310 i.
2843 4262 2898 4313 e.
2931 4262 3217 4335 quorum
3259 4241 3366 4313 alii
3417 4265 3505 4313 ex
3547 4239 3693 4311 aliis
3752 4254 3876 4308 non

992 4330 1398 4426 stquuntur3
1454 4332 1771 4425 Spiritum
1826 4335 1891 4406 S.
1951 4337 2302 4430 aliquando
2359 4338 2499 4422 plus
2556 4335 2887 4410 intendisse
2912 4390 2937 4425 ‚
2992 4363 3194 4432 quam
3244 4337 3354 4411 sua
3390 4361 3633 4434 organa
3659 4367 3690 4420 ‚·
3737 4333 3878 4429 quia

994 4450 1231 4526 praeter
1273 4425 1522 4502 sensum
1582 4432 1876 4526 literalem
1899 4483 1921 4519 ‚
1969 4433 2057 4506 ab
2086 4437 2352 4531 ‘organis
2407 4430 2529 4506 suis
2582 4438 2952 4521 intentum,
2999 4438 3275 4510 intendit
3317 4461 3586 4531 quoque
3633 4431 3879 4508 sensum

990 4527 1354 4605 verborum
1393 4533 1845 4629 mysticum5&
1900 4533 2026 4606 hoc
2067 4530 2322 4609 fortasse
2368 4532 2682 4626 nusquam
2735 4531 2888 4605 alibi
2940 4536 3159 4607 locum
3210 4535 3408 4608 habet
3453 4588 3474 4622 ‚
3521 4530 3638 4606 nifi
3681 4539 3746 4607 in
3791 4526 3876 4597 V·

989 4628 1416 4704 Testamento
1437 4680 1461 4718 ,
1517 4631 1583 4702 &
1627 4626 1956 4725 speciatim
2004 4635 2071 4704 in
2123 4626 2448 4725 prophetiis
2501 4639 2712 4730 &picis
2756 4635 2837 4705 de
2895 4630 3150 4707 Meffia.
3262 4636 3436 4706 Cum
3484 4661 3544 4710 v.
3601 4658 3663 4726 g.
3735 4629 3878 4798 kll²r05

3692 4753 3734 4820 p
3778 4738 3886 4795 ctis
