4188 5670
1176 255 1896 371 Exrsrnn‘na
2000 254 2210 328 Der.
2823 350 2838 367 ,
3087 277 3232 362 27‘5‘

311 442 560 524 beatior
606 438 952 516 reddatur,
1006 454 1125 509 aut
1188 430 1313 508 fibi
1384 434 1628 532 aliquid
1694 435 2030 510 commodi
2097 437 2443 529 acquiram
2519 461 2657 512 non
2720 456 2943 515 autem
2978 435 3250 540 ‘probae

241 528 247 547 ⁴
312 547 634 631 absolute,
677 536 902 621 Deum
943 536 1100 608 nihil
1131 553 1315 608 extra
1353 533 1415 607 se
1473 536 1709 608 moliri.
1772 535 1955 627 Qia
1995 559 2148 607 curn
2177 530 2259 605 sit
2290 530 2621 607 summum
2671 535 2929 613 bonum
2962 593 2986 631 ‚
3045 566 3251 645 atqua

312 647 469 719 adeo
514 643 720 716 totius
771 635 1086 710 bonitatis
1132 633 1475 728 plenitudo
1501 686 1526 722 ‚
1577 634 1799 708 totum
1846 631 2131 706 universi
2185 631 2443 707 bonum
2491 641 2816 710 eminenter
2858 640 2928 710 in
2969 639 3033 712 le
3086 671 3246 719 con.

313 747 565 825 tinens3
624 728 1281 833 congruentiffimum
1328 728 1445 827 ipfi
1495 730 1709 806 visum
1780 732 1909 819 est,
1961 750 2040 804 ut
2099 732 2286 804 illum
2348 730 2604 805 fontem
2628 783 2662 821 ‚‚
2709 754 2787 807 ut
2838 738 2931 809 ita
2972 739 3238 836 dicam,

313 842 482 936 apud
530 838 593 911 se
646 831 1024 910 conclusum
1077 837 1214 902 non
1261 833 1607 919 retineret,
1661 830 1767 905 sed
1824 827 2061 903 sineret
2123 833 2543 911 emaum-eju
2593 855 2916 906 creaturas
2940 887 2965 923 ‚
3021 830 3244 917 (ecun-

311 942 471 1013 dum
515 939 734 1010 varios
779 933 1015 1029 gradus
1059 931 1128 1002 ἃ
1167 926 1397 1024 species
1437 954 1657 1003 rerum
1686 982 1711 1018 ‚
1744 932 1810 1003 &
1847 928 2216 1002 mensuram
2249 930 2619 1024 capacitatis
2644 931 2990 1023 cujusque,
3028 934 3243 1034 fingu-

304 1040 366 1113 la
383 1041 452 1110 in
478 1036 597 1109 suo
630 1034 856 1106 ordine
900 1026 1224 1114 creandn,
1269 1026 1647 1110 formando,
1673 1033 1737 1102 δε
1766 1027 1960 1101 suum
2002 1031 2071 1099 in
2102 1024 2307 1100 finem
2346 1030 2704 1123 dirigendo.
2761 1039 2994 1106 Bonum
3022 1039 3193 1113 enim
3214 1096 3243 1132 ,

311 1157 392 1209 ut
433 1128 805 1226 Philosophi
842 1133 1240 1222 loquuntur,
1275 1127 1385 1217 sui
1413 1132 1490 1220 est
1514 1127 1878 1220 dtffufivum
1935 1125 2026 1212 ἓξ
2076 1135 2677 1200 communicativum.
2767 1130 2970 1203 Nulla
3025 1136 3244 1232 itaque

310 1235 579 1329 inopia,
647 1232 820 1304 nulla
870 1227 1152 1323 propriae
1213 1226 1503 1300 utilitatis
1562 1247 1679 1299 aut
1740 1224 2097 1326 commodi‘
2123 1227 2292 1299 ratio
2318 1277 2342 1313 ‚
2418 1229 2643 1298 Deum
2693 1227 2956 1321 impulit
3009 1232 3108 1305 ad·
3144 1260 3254 1313 ιω

242 1399 256 1407 .
314 1332 661 1417 creandas,
704 1325 1171 1402 conservandas
1210 1326 1273 1395 ἃ
1326 1323 1815 1420 gubernandam
1871 1324 1976 1396 {erl
2020 1321 2503 1416 supereminens
2537 1321 2735 1420 ipfius
2778 1324 3086 1412 bonitas;
3147 1340 3248 1410 ni.

313 1436 566 1508 mirum
615 1447 694 1500 ut
739 1453 814 1499 ea
860 1428 929 1500 in
984 1448 1085 1497 res
1125 1442 1366 1497 creatas
1409 1449 1531 1520 pro
1577 1419 1979 1520 singularum
2026 1441 2221 1516 captu
2262 1417 2736 1520 diffunderetur
2767 1475 2795 1513 ,
2855 1429 2922 1499 &
2971 1451 3125 1504 cum
3172 1436 3256 1511 iis

311 1530 921 1610 communicaretur.

510 1682 637 1758 Sed
681 1678 857 1753 aliud
900 1678 1030 1768 est,
1080 1676 1341 1774 inquis,
1381 1674 1636 1765 dicere,
1686 1676 1913 1751 Deum
1948 1675 2103 1750 scire
2134 1675 2288 1773 quid
2323 1680 2618 1751 homines
2641 1699 2880 1775 agant,
2931 1683 3256 1778 cogitent,³

316 1782 578 1862 dicant3
624 1779 801 1852 aliud
876 1778 968 1851 est
1021 1779 1237 1850 dicere
1310 1777 1536 1850 Deum
1623 1777 1767 1849 haec
1806 1801 2029 1850 curare
2070 1829 2092 1863 ,
2152 1773 2317 1875 sicut
2367 1773 2962 1876 magni-Principes
3007 1832 3048 1868 ‚.
3085 1799 3250 1875 quo·-
3320 1836 3330 1851 .
3373 1785 3377 1790 ’

315 1907 470 1955 rum
523 1880 722 1952 status
771 1877 963 1950 estin
1012 1878 1206 1964 tuto,
1252 1901 1488 1971 parum
1537 1896 1808 1962 curant,
1861 1876 2018 1968 quid
2050 1873 2237 1970 plebs
2259 1872 2339 1947 de
2372 1876 2493 1946 illis
2528 1877 2715 1951 dicat.
2794 1880 2919 1952 Sed
2967 1881 3094 1951 hoc
3132 1877 3248 1951 ab·

316 1976 681 2051 surdiffime
734 1977 989 2050 dicitur.
1058 1978 1237 2049 Cum
1292 1976 1468 2048 enim
1521 1976 1731 2046 homo
1785 1969 1867 2045 fit
1929 1998 2096 2067 opus
2146 1975 2324 2061 Dei,
2396 1975 2578 2067 cuj‘us
2618 1980 2821 2048 menti
2876 1976 3032 2072 ipsae
3077 1978 3252 2071 leges

314 2078 588 2172 justitiae
629 2073 969 2167 omnisque
1018 2073 1283 2147 virtutis
1333 2069 1652 2166 impreffae
1690 2070 1842 2145 sunt
1868 2123 1892 2159 ‚
1945 2076 2232 2145 maxime
2274 2072 2359 2145 ad
2415 2075 2640 2145 Deum
2687 2079 2969 2169 pertinet
2994 2126 3019 2163 ,
3083 2077 3252 2148 illius

318 2200 555 2249 curam
592 2197 815 2270 gerere
834 2224 861 2260 ‚
923 2191 997 2247 ut
1052 2170 1410 2247 secundum
1467 2171 1604 2245 illas
1653 2172 1820 2267 leges
1874 2171 2079 2244 vivat.
2181 2170 2286 2245 Ad
2334 2168 2644 2265 opificem·
2702 2177 2877 2246 enim
2923 2175 3252 2269 pertinet,

318 2299 599 2361 curare,
658 2290 737 2345 ut
784 2296 947 2365 opus
989 2270 1180 2344 strum
1225 2271 1460 2345 evadat
1499 2266 2068 2364 per'fec'tiffimmm
2133 2270 2215 2343 ad
2261 2270 2666 2364 legislatoren
2698 2324 2723 2360 ‚
2772 2292 2852 2345 ut
2891 2275 3062 2368 leges
3093 2288 3255 2366 quas

317 2372 446 2445 suis
488 2369 762 2443 subditis
801 2373 983 2457 tulit,
1039 2372 1382 2465 diligenter
1426 2369 1780 2442 ser-ventur.
1859 2369 2150 2441 Parentis
2185 2368 2447 2442 interest
2467 2422 2508 2458 ‚.
2534 2372 2879 2463 quomodo
2921 2371 2985 2445 se
3024 2388 3253 2466 gerant

316 2469 457 2545 filii.
542 2474 624 2548 At
663 2471 844 2543 Deus
885 2472 1252 2542 communis
1303 2470 1605 2542 omnium
1652 2469 1890 2541 Parem
1925 2466 2034 2539 est.
2086 2468 2313 2549 Nemo
2358 2471 2784 2562 architectum
2829 2468 3248 2564 probaverit,

321 2570 440 2664 qui
473 2569 792 2660 palatium
837 2572 871 2637 a
912 2568 973 2639 se
1009 2565 1451 2640 constructum
1492 2568 1870 2661 impolitum
1901 2565 2205 2659 relinquit
2241 2562 2314 2638 ’ὃς
2352 2565 2738 2639 conservare·
2781 2568 3064 2662 negligit.
3118 2568 3260 2640 Ne·-

320 2693 446 2740 mo
482 2666 915 2755 legislatorem
942 2714 965 2749 ,
1026 2668 1182 2754 qui,
1233 2667 1509 2737 conditis
1557 2665 1822 2757 optimis
1887 2660 2182 2752 legibus,
2237 2664 2485 2735 nullam
2545 2686 2771 2736 curam
2818 2664 3124 2752 adhibet,
3179 2683 3256 2738 ut

322 2763 709 2839 exemrtioni
748 2761 1139 2835 mandentur
1161 2814 1183 2850 ‚
1216 2760 1327 2834 sed·
1359 2764 1589 2834 omnia·
1620 2759 1938 2855 permittit
1963 2756 2373 2840 subditorum
2410 2756 2700 2833 arbitrio.
2762 2762 2985 2835 Nemo
3029 2788 3259 2861 paren-

319 2887 465 2938 tem
494 2914 518 2947 ,
576 2861 873 2943 cuinulla
914 2860 994 2932 de
1032 2857 1323 2959 filiorum
1367 2859 1666 2933 moribus
1714 2862 1790 2932 &'
1832 2860 1968 2930 vita
2004 2857 2097 2930 est
2145 2881 2320 2931 cura.
2393 2862 2678 2947 Qanto
2713 2864 2927 2935 minus
2971 2865 3051 2937 de
3101 2866 3252 2938 Deo

325 2962 759 3056 cogitandum
793 2957 915 3038 est3
948 2984 1106 3032 eum
1134 2979 1271 3032 tam
1316 2961 1632 3033 eximium
1672 2982 1841 3053 opus
1886 2957 1923 3028 21
1963 2954 2326 3031 festidium
2371 2959 2733 3052 negligere,
2791 2964 2854 3035 &
2888 2964 3133 3051 nullam
3161 2983 3256 3035 re:

323 3088 478 3135 rum
534 3061 984 3134 humanarum.
1023 3083 1261 3133 curam'
1293 3083 1560 3155 gerere3
1610 3055 1971 3153 praesertim
2014 3080 2166 3130 cum
2201 3054 2503 3135 facillime
2553 3060 2617 3134 &
2664 3057 2912 3156 absque
2949 3064 3143 3136 omni
3168 3063 3266 3133 la-

327 3158 493 3234 bore
528 3155 738 3254 poffit
803 3181 880 3229 ea
919 3161 1168 3250 optime
1226 3157 1638 3254 gubernare?

522 3304 839 3397 Denique
875 3305 1019 3398 quis
1069 3305 1163 3378 est
1191 3307 1614 3401 Principum,
1659 3307 1775 3401 qui
1828 3333 1968 3382 non
2016 3329 2200 3385 curet
2257 3361 2283 3398 ,
2338 3333 2475 3405 quo
2520 3306 2723 3385 mod'o
2761 3306 3007 3385 subditi*
3034 3315 3103 3385 in
3148 3305 3259 3385 sim

304 3403 686 3500 ‘praesentia
736 3408 802 3478 &
850 3401 1203 3499 conspectu
1247 3404 1308 3480 se
1355 3427 1584 3500 gerant
1612 3457 1636 3493 ,
1679 3408 1835 3500 quid
1882 3409 2136 3496 dicant,
2187 3406 2362 3502 quid,
2389 3429 2589 3504 agant
2637 3411 2669 3481 :2
2770 3414 2892 3483 An>
2920 3411 3091 3503 leges
3133 3411 3262 3484 sera

328 3526 493 3576 vent
516 3557 542 3593 ,
605 3528 693 3577 an
740 3529 846 3577 eas
889 3505 1141 3598 violent
1193 3507 1259 3578 ἃ
1308 3523 1803 3600 :contemnant3
1853 3506 2183 3579 honorem
2248 3506 2597 3601 laudesque
2659 3506 2909 3581 debitas
2972 3505 3096 3583 fibi
3145 3511 3259 3585 tti-

331 3599 544 3679 buant
573 3657 603 3692 ,
661 3625 746 3674 an
795 3605 1014 3699 potius
1065 3605 1477 3686 contumeliis
1522 3606 1587 3676 &
1637 3603 1939 3677 convitiis
1975 3600 2039 3674 se
2088 3603 2559 3700 proscindant?
2604 3607 2757 3681 Imo
2805 3607 2918 3700 qui
2967 3610 3260 3702 privatus

334 3704 495 3776 adeo
543 3701 1024 3778 contemtibilis
1079 3703 1169 3775 est
1192 3756 1214 3791 ‚
1275 3724 1354 3777 ut
1400 3702 1667 3796 injurias
1725 3700 1847 3775 sibi
1902 3703 2208 3799 praesenti
2260 3704 2474 3779 illatas
2517 3732 2657 3779 non
2707 3725 2891 3780 curet
2945 3712 2976 3777 ε’
3056 3711 3262 3805 Atqui
3341 3723 3355 3733 “
3443 3701 3450 3710 ’

331 3802 515 3874 Deus
554 3800 814 3897 ubique
860 3798 1141 3898 praesens
1211 3803 1354 3888 est,-
1406 3805 1630 3875 omnia
1678 3804 1860 3876 audit
1900 3855 1932 3892 ,
1989 3805 2208 3880 omnia
2252 3804 2432 3878 videt
2489 3834 2520 3887 3-
2570 3830 2799 3879 omnes
2842 3806 3052 3880 cordis
3099 3810 3264 3882 late-
3302 3816 3306 3821 ’

339 3897 488 3972 bras
538 3900 930 3994 introspicit·
1021 3900 1344 3974 Homines
1389 3898 1636 3995 ubique
1701 3902 1854 3976 sunt
1897 3905 1966 3976 in
2016 3901 2360 3999 praesentia
2404 3906 2470 3977 δε
2511 3906 2582 3979 in
2655 3904 3004 4001 conspeetu
3048 3909 3186 3982 Dei·
3230 3937 3259 3992 ς
3356 3947 3360 3951 >

343 4001 656 4093 quicquid
697 4021 949 4095 agunt,
1004 3999 1316 4093 quicquid⁴
1363 3999 1591 4072 dicunt
1622 4050 1645 4086 ,
1704 4001 2013 4096 quicquid
2056 3997 2351 4096 cogitarit
2363 4031 2384 4083 3
2418 4023 2664 4099 agunt,
2694 4005 2945 4093 dicunt,
2970 4009 3264 4102 cogitant

346 4097 413 4169 in
449 4099 595 4192 ejus·
626 4098 970 4194 praesentia
998 4149 1032 4186 ‚
1086 4099 1155 4169 in
1204 4099 1343 4191 ejus
1400 4099 1622 4170 oculis.
1731 4103 1912 4188 Qis
1966 4101 2310 4173 crediderit.
2344 4104 2543 4196 igitur
2567 4153 2592 4191 ‚
2637 4103 2826 4178 illum
2867 4104 3023 4177 nihil
3075 4130 3259 4200 cura-

345 4221 455 4282 re,
505 4224 648 4270 non
699 4199 931 4294 tangi,
999 4224 1136 4276 non
1204 4198 1508 4270 delectari
1556 4247 1589 4283 ,
1625 4221 1762 4268 non
1807 4192 2062 4270 offendi
2120 4198 2242 4285 iis,
2312 4226 2466 4293 quae
2502 4205 2575 4274 in
2621 4201 2738 4274 suo
2797 4201 3147 4296 conspetstu
3198 4206 3267 4277 δε

345 4294 692 4388 praesentia
745 4319 1060 4391 geruntur
1101 4348 1124 4385 ,
1176 4298 1480 4370 dicuntur
1515 4346 1539 4383 ‚
1591 4297 1976 4390 cogitantur.
2078 4295 2230 4368 Imo
2263 4323 2424 4372 vero
2465 4348 2488 4383 ,
2533 4326 2669 4393 quo
2732 4300 2944 4391 major
3008 4301 3099 4370 est
3162 4304 3275 4376 ina·

348 4394 689 4486 majestas,
742 4396 850 4467 illa
900 4395 1203 4488 sapientia
1256 4400 1320 4469 &
1367 4398 1664 4490 potentia
1707 4422 1728 4476 3
1766 4418 1909 4488 quo
1963 4394 2213 4486 majora
2269 4399 2408 4490 ejus
2444 4397 2594 4470 sunt
2636 4391 2786 4490 erga
2845 4420 2967 4466 nos
3016 4394 3267 4473 benefi-

351 4492 505 4572 cia3
563 4519 651 4564 eo
707 4494 913 4588 magis
964 4497 1029 4566 &
1094 4498 1300 4567 acrius
1367 4518 1596 4566 omnes
1668 4493 1890 4588 legum
1970 4490 2232 4566 suarum
2326 4491 2866 4588 transgreffiones
2924 4493 2991 4560 in
3089 4491 3306 4565 consi

339 4594 552 4761 geel&
597 4590 718 4665 suo
747 4640 787 4697 ,-
820 4596 893 4665 in
936 4592 1139 4666 oculis
1173 4593 1297 4668 suis
1321 4587 1728 4681 commas„
1776 4592 1967 4667 sentit
1997 4596 2063 4667 &
2110 4594 2474 4702 ponderat,
2510 4590 2759 4679 suoque
2800 4585 3295 4754 ιειιιρέεέἰῗὶ-

384 4711 479 4762 ica
530 4709 605 4762 it.
3272 4720 3303 4750 υ
