<?xml version="1.0" encoding="UTF-8"?>
<!DOCTYPE html PUBLIC "-//W3C//DTD XHTML 1.0 Transitional//EN"
    "http://www.w3.org/TR/xhtml1/DTD/xhtml1-transitional.dtd">
<html xmlns="http://www.w3.org/1999/xhtml" xml:lang="en" lang="en">
 <head>
  <title>
</title>
<meta http-equiv="Content-Type" content="text/html;charset=utf-8" />
  <meta name='ocr-system' content='tesseract 3.04.00' />
  <meta name='ocr-capabilities' content='ocr_page ocr_carea ocr_par ocr_line ocrx_word'/>
</head>
<body>
  <div class='ocr_page' id='page_1' title='image "./opusculatheolog00weregoog/opusculatheolog00weregoog_0424.png"; bbox 0 0 4188 5670; ppageno 0'>
   <div class='ocr_carea' id='block_1_1' title="bbox 951 325 2966 426">
    <p class='ocr_par' dir='ltr' id='par_1_1' title="bbox 951 325 2966 426">
     <span class='ocr_line' id='line_1_1' title="bbox 951 325 2966 426; baseline -0.002 -19"><span class='ocrx_word' id='word_1_1' title='bbox 951 337 1096 426; x_wconf 75' lang='lat'><strong>38⁶</strong></span> <span class='ocrx_word' id='word_1_2' title='bbox 1938 325 2966 402; x_wconf 59' lang='lat' dir='ltr'><strong>‘Dumana-arro</strong></span> 
     </span>
    </p>
   </div>
   <div class='ocr_carea' id='block_1_2' title="bbox 932 502 3888 1696">
    <p class='ocr_par' dir='ltr' id='par_1_2' title="bbox 932 502 3888 1696">
     <span class='ocr_line' id='line_1_2' title="bbox 941 502 3888 610; baseline -0.004 -13"><span class='ocrx_word' id='word_1_3' title='bbox 941 522 1013 596; x_wconf 87' lang='lat' dir='ltr'>D</span> <span class='ocrx_word' id='word_1_4' title='bbox 1031 539 1141 595; x_wconf 72' lang='lat' dir='ltr'><strong>to</strong></span> <span class='ocrx_word' id='word_1_5' title='bbox 1189 515 1480 610; x_wconf 83' lang='lat' dir='ltr'><strong>accepit,</strong></span> <span class='ocrx_word' id='word_1_6' title='bbox 1530 525 1793 605; x_wconf 79' lang='lat' dir='ltr'><strong>partem</strong></span> <span class='ocrx_word' id='word_1_7' title='bbox 1833 503 1967 600; x_wconf 85' lang='lat' dir='ltr'><strong>ipse</strong></span> <span class='ocrx_word' id='word_1_8' title='bbox 1998 507 2068 579; x_wconf 89' lang='lat' dir='ltr'><strong>in</strong></span> <span class='ocrx_word' id='word_1_9' title='bbox 2105 505 2277 586; x_wconf 78' lang='lat' dir='ltr'><strong>statu</strong></span> <span class='ocrx_word' id='word_1_10' title='bbox 2300 504 2696 580; x_wconf 81' lang='lat' dir='ltr'><strong>innocentiae</strong></span> <span class='ocrx_word' id='word_1_11' title='bbox 2719 502 3072 594; x_wconf 81' lang='lat' dir='ltr'><strong>formavit,</strong></span> <span class='ocrx_word' id='word_1_12' title='bbox 3115 502 3336 580; x_wconf 74' lang='lat' dir='ltr'><strong>statim</strong></span> <span class='ocrx_word' id='word_1_13' title='bbox 3356 508 3395 582; x_wconf 69' lang='lat' dir='ltr'><strong>a</strong></span> <span class='ocrx_word' id='word_1_14' title='bbox 3427 511 3622 608; x_wconf 77' lang='lat' dir='ltr'><strong>lapsu</strong></span> <span class='ocrx_word' id='word_1_15' title='bbox 3657 518 3888 593; x_wconf 79' lang='lat' dir='ltr'><strong>admo.</strong></span> 
     </span>
     <span class='ocr_line' id='line_1_3' title="bbox 944 604 3886 700; baseline -0.005 -6"><span class='ocrx_word' id='word_1_16' title='bbox 944 619 1107 694; x_wconf 86' lang='lat' dir='ltr'><strong>dum</strong></span> <span class='ocrx_word' id='word_1_17' title='bbox 1143 617 1342 692; x_wconf 76' lang='lat' dir='ltr'><strong>fuerit</strong></span> <span class='ocrx_word' id='word_1_18' title='bbox 1365 629 1637 683; x_wconf 81' lang='lat' dir='ltr'><strong>mutata.</strong></span> <span class='ocrx_word' id='word_1_19' title='bbox 1715 608 1902 680; x_wconf 85' lang='lat' dir='ltr'><strong>Cum</strong></span> <span class='ocrx_word' id='word_1_20' title='bbox 1941 607 2122 678; x_wconf 83' lang='lat' dir='ltr'><strong>enim</strong></span> <span class='ocrx_word' id='word_1_21' title='bbox 2165 623 2508 698; x_wconf 87' lang='lat' dir='ltr'><strong>peccatum</strong></span> <span class='ocrx_word' id='word_1_22' title='bbox 2547 607 2818 700; x_wconf 80' lang='lat' dir='ltr'><strong>magnas</strong></span> <span class='ocrx_word' id='word_1_23' title='bbox 2843 607 3052 679; x_wconf 71' lang='lat' dir='ltr'><strong>meriti</strong></span> <span class='ocrx_word' id='word_1_24' title='bbox 3096 604 3407 682; x_wconf 75' lang='lat' dir='ltr'><strong>humanae</strong></span> <span class='ocrx_word' id='word_1_25' title='bbox 3444 612 3770 688; x_wconf 77' lang='lat' dir='ltr'>tenebras</span> <span class='ocrx_word' id='word_1_26' title='bbox 3793 639 3886 691; x_wconf 63' lang='lat' dir='ltr'><strong>at.</strong></span> 
     </span>
     <span class='ocr_line' id='line_1_4' title="bbox 942 699 3877 804; baseline -0.002 -11"><span class='ocrx_word' id='word_1_27' title='bbox 942 718 1168 794; x_wconf 83' lang='lat' dir='ltr'><strong>tulerit</strong></span> <span class='ocrx_word' id='word_1_28' title='bbox 1191 770 1214 803; x_wconf 95' lang='lat'><strong>,</strong></span> <span class='ocrx_word' id='word_1_29' title='bbox 1267 712 1510 786; x_wconf 81' lang='lat' dir='ltr'><strong>multos</strong></span> <span class='ocrx_word' id='word_1_30' title='bbox 1538 727 1787 781; x_wconf 76' lang='lat' dir='ltr'><strong>errores</strong></span> <span class='ocrx_word' id='word_1_31' title='bbox 1824 727 2274 800; x_wconf 83' lang='lat' dir='ltr'><strong>magnamque</strong></span> <span class='ocrx_word' id='word_1_32' title='bbox 2298 726 2523 776; x_wconf 83' lang='lat' dir='ltr'><strong>rerum</strong></span> <span class='ocrx_word' id='word_1_33' title='bbox 2557 702 2959 776; x_wconf 84' lang='lat' dir='ltr'><strong>diversarum</strong></span> <span class='ocrx_word' id='word_1_34' title='bbox 2998 699 3450 781; x_wconf 83' lang='lat' dir='ltr'><strong>confufionem</strong></span> <span class='ocrx_word' id='word_1_35' title='bbox 3478 712 3833 788; x_wconf 73' lang='lat' dir='ltr'>invexerit</span> <span class='ocrx_word' id='word_1_36' title='bbox 3851 768 3877 804; x_wconf 91' lang='lat'><strong>,</strong></span> 
     </span>
     <span class='ocr_line' id='line_1_5' title="bbox 943 799 3885 903; baseline -0.004 -12"><span class='ocrx_word' id='word_1_37' title='bbox 943 836 1245 891; x_wconf 86' lang='lat' dir='ltr'><strong>mentem</strong></span> <span class='ocrx_word' id='word_1_38' title='bbox 1280 810 1587 903; x_wconf 87' lang='lat' dir='ltr'><strong>corpori,</strong></span> <span class='ocrx_word' id='word_1_39' title='bbox 1615 802 1901 879; x_wconf 82' lang='lat' dir='ltr'><strong>senfibus</strong></span> <span class='ocrx_word' id='word_1_40' title='bbox 1922 855 1945 891; x_wconf 91' lang='lat'><strong>,</strong></span> <span class='ocrx_word' id='word_1_41' title='bbox 1974 804 2303 897; x_wconf 84' lang='lat' dir='ltr'>animique</span> <span class='ocrx_word' id='word_1_42' title='bbox 2337 799 2937 895; x_wconf 79' lang='lat' dir='ltr'>perturbationibus</span> <span class='ocrx_word' id='word_1_43' title='bbox 2973 800 3316 892; x_wconf 76' lang='lat' dir='ltr'><strong>subjecerit</strong></span> <span class='ocrx_word' id='word_1_44' title='bbox 3336 855 3361 892; x_wconf 92' lang='lat'><strong>,</strong></span> <span class='ocrx_word' id='word_1_45' title='bbox 3399 806 3687 903; x_wconf 83' lang='lat' dir='ltr'><strong>ejusque</strong></span> <span class='ocrx_word' id='word_1_46' title='bbox 3731 810 3885 886; x_wconf 75' lang='lat' dir='ltr'><strong>sere.</strong></span> 
     </span>
     <span class='ocr_line' id='line_1_6' title="bbox 940 897 3885 1002; baseline -0.004 -14"><span class='ocrx_word' id='word_1_47' title='bbox 940 917 1218 988; x_wconf 87' lang='lat' dir='ltr'><strong>nitatem</strong></span> <span class='ocrx_word' id='word_1_48' title='bbox 1244 936 1380 984; x_wconf 88' lang='lat' dir='ltr'><strong>non</strong></span> <span class='ocrx_word' id='word_1_49' title='bbox 1394 932 1630 1002; x_wconf 84' lang='lat' dir='ltr'><strong>parum</strong></span> <span class='ocrx_word' id='word_1_50' title='bbox 1651 902 2013 977; x_wconf 83' lang='lat' dir='ltr'><strong>obscurarit</strong></span> <span class='ocrx_word' id='word_1_51' title='bbox 2036 952 2061 990; x_wconf 89' lang='lat'><strong>,</strong></span> <span class='ocrx_word' id='word_1_52' title='bbox 2100 921 2298 995; x_wconf 90' lang='lat' dir='ltr'><strong>atque</strong></span> <span class='ocrx_word' id='word_1_53' title='bbox 2322 903 2391 972; x_wconf 91' lang='lat' dir='ltr'><strong>in</strong></span> <span class='ocrx_word' id='word_1_54' title='bbox 2406 901 2782 973; x_wconf 84' lang='lat' dir='ltr'><strong>universum</strong></span> <span class='ocrx_word' id='word_1_55' title='bbox 2803 950 2825 987; x_wconf 86' lang='lat'><strong>,</strong></span> <span class='ocrx_word' id='word_1_56' title='bbox 2854 897 2902 972; x_wconf 85' lang='lat' dir='ltr'>fi</span> <span class='ocrx_word' id='word_1_57' title='bbox 2928 923 3083 975; x_wconf 86' lang='lat' dir='ltr'><strong>cum</strong></span> <span class='ocrx_word' id='word_1_58' title='bbox 3101 899 3303 972; x_wconf 72' lang='lat' dir='ltr'><strong>Poeta</strong></span> <span class='ocrx_word' id='word_1_59' title='bbox 3330 903 3515 999; x_wconf 88' lang='lat' dir='ltr'><strong>loqui</strong></span> <span class='ocrx_word' id='word_1_60' title='bbox 3532 907 3885 998; x_wconf 62' lang='lat' dir='ltr'><strong>licetsthm</strong></span> 
     </span>
     <span class='ocr_line' id='line_1_7' title="bbox 938 997 3880 1105; baseline -0.002 -19"><span class='ocrx_word' id='word_1_61' title='bbox 938 1013 1167 1087; x_wconf 81' lang='lat' dir='ltr'><strong>divinae</strong></span> <span class='ocrx_word' id='word_1_62' title='bbox 1195 1008 1561 1105; x_wconf 81' lang='lat' dir='ltr'><em>particulam</em></span> <span class='ocrx_word' id='word_1_63' title='bbox 1608 1029 1775 1076; x_wconf 70' lang='lat' dir='ltr'><strong>aaran</strong></span> <span class='ocrx_word' id='word_1_64' title='bbox 1820 1004 2005 1080; x_wconf 82' lang='lat' dir='ltr'><strong>humi</strong></span> <span class='ocrx_word' id='word_1_65' title='bbox 2047 997 2474 1084; x_wconf 85' lang='lat' dir='ltr'><strong>demerserit,-</strong></span> <span class='ocrx_word' id='word_1_66' title='bbox 2531 1024 2670 1070; x_wconf 88' lang='lat' dir='ltr'><strong>non</strong></span> <span class='ocrx_word' id='word_1_67' title='bbox 2719 1000 2942 1093; x_wconf 87' lang='lat' dir='ltr'><strong>potuit</strong></span> <span class='ocrx_word' id='word_1_68' title='bbox 2969 1024 3107 1072; x_wconf 91' lang='lat' dir='ltr'><strong>non</strong></span> <span class='ocrx_word' id='word_1_69' title='bbox 3162 998 3385 1096; x_wconf 84' lang='lat' dir='ltr'><strong>lingua</strong></span> <span class='ocrx_word' id='word_1_70' title='bbox 3413 1029 3699 1101; x_wconf 89' lang='lat' dir='ltr'><strong>quoque</strong></span> <span class='ocrx_word' id='word_1_71' title='bbox 3749 1011 3880 1104; x_wconf 83' lang='lat' dir='ltr'><strong>ejus</strong></span> 
     </span>
     <span class='ocr_line' id='line_1_8' title="bbox 936 1094 3874 1194; baseline -0.005 -9"><span class='ocrx_word' id='word_1_72' title='bbox 936 1112 1302 1185; x_wconf 80' lang='lat' dir='ltr'>admodum</span> <span class='ocrx_word' id='word_1_73' title='bbox 1348 1106 1644 1186; x_wconf 76' lang='lat' dir='ltr'><strong>mutari,-</strong></span> <span class='ocrx_word' id='word_1_74' title='bbox 1678 1097 1948 1194; x_wconf 85' lang='lat' dir='ltr'><strong>fierique</strong></span> <span class='ocrx_word' id='word_1_75' title='bbox 2001 1124 2139 1170; x_wconf 88' lang='lat' dir='ltr'><strong>non</strong></span> <span class='ocrx_word' id='word_1_76' title='bbox 2179 1099 2397 1191; x_wconf 84' lang='lat' dir='ltr'><strong>potuit</strong></span> <span class='ocrx_word' id='word_1_77' title='bbox 2429 1146 2452 1183; x_wconf 90' lang='lat'><strong>,</strong></span> <span class='ocrx_word' id='word_1_78' title='bbox 2504 1100 2663 1192; x_wconf 89' lang='lat' dir='ltr'><strong>quin</strong></span> <span class='ocrx_word' id='word_1_79' title='bbox 2716 1100 2921 1170; x_wconf 84' lang='lat' dir='ltr'><strong>homo</strong></span> <span class='ocrx_word' id='word_1_80' title='bbox 2970 1094 3466 1191; x_wconf 83' lang='lat' dir='ltr'><strong>oblivisceretur</strong></span> <span class='ocrx_word' id='word_1_81' title='bbox 3495 1107 3874 1181; x_wconf 73' lang='lat' dir='ltr'><strong>multorum</strong></span> 
     </span>
     <span class='ocr_line' id='line_1_9' title="bbox 935 1192 3870 1299; baseline -0.003 -18"><span class='ocrx_word' id='word_1_82' title='bbox 935 1208 1421 1283; x_wconf 86' lang='lat' dir='ltr'><strong>vocabulorum</strong></span> <span class='ocrx_word' id='word_1_83' title='bbox 1448 1251 1470 1284; x_wconf 72' lang='lat'><em>2</em></span> <span class='ocrx_word' id='word_1_84' title='bbox 1516 1203 1634 1299; x_wconf 73' lang='lat' dir='ltr'><strong>qui</strong></span> <span class='ocrx_word' id='word_1_85' title='bbox 1670 1222 1891 1288; x_wconf 82' lang='lat' dir='ltr'><strong>rerum</strong></span> <span class='ocrx_word' id='word_1_86' title='bbox 1923 1196 2044 1269; x_wconf 88' lang='lat' dir='ltr'><strong>illis</strong></span> <span class='ocrx_word' id='word_1_87' title='bbox 2076 1192 2581 1290; x_wconf 84' lang='lat' dir='ltr'><strong>fignificatarum</strong></span> <span class='ocrx_word' id='word_1_88' title='bbox 2630 1193 2723 1267; x_wconf 86' lang='lat' dir='ltr'><strong>est</strong></span> <span class='ocrx_word' id='word_1_89' title='bbox 2756 1192 3047 1275; x_wconf 77' lang='lat' dir='ltr'><strong>oblitus3</strong></span> <span class='ocrx_word' id='word_1_90' title='bbox 3095 1220 3234 1271; x_wconf 90' lang='lat' dir='ltr'><strong>non</strong></span> <span class='ocrx_word' id='word_1_91' title='bbox 3281 1197 3506 1293; x_wconf 81' lang='lat' dir='ltr'><strong>potuit</strong></span> <span class='ocrx_word' id='word_1_92' title='bbox 3554 1231 3698 1278; x_wconf 84' lang='lat' dir='ltr'><strong>non</strong></span> <span class='ocrx_word' id='word_1_93' title='bbox 3729 1232 3870 1282; x_wconf 81' lang='lat' dir='ltr'><strong>con.</strong></span> 
     </span>
     <span class='ocr_line' id='line_1_10' title="bbox 933 1290 3869 1396; baseline -0.003 -16"><span class='ocrx_word' id='word_1_94' title='bbox 933 1307 1204 1381; x_wconf 85' lang='lat' dir='ltr'><strong>fundere</strong></span> <span class='ocrx_word' id='word_1_95' title='bbox 1231 1329 1424 1379; x_wconf 87' lang='lat' dir='ltr'><strong>voces</strong></span> <span class='ocrx_word' id='word_1_96' title='bbox 1444 1355 1467 1389; x_wconf 92' lang='lat'><strong>,</strong></span> <span class='ocrx_word' id='word_1_97' title='bbox 1513 1302 1626 1394; x_wconf 90' lang='lat' dir='ltr'><strong>qui</strong></span> <span class='ocrx_word' id='word_1_98' title='bbox 1651 1323 1750 1370; x_wconf 87' lang='lat' dir='ltr'><strong>res</strong></span> <span class='ocrx_word' id='word_1_99' title='bbox 1775 1295 1936 1390; x_wconf 79' lang='lat' dir='ltr'><strong>ipsas</strong></span> <span class='ocrx_word' id='word_1_100' title='bbox 1967 1293 2265 1369; x_wconf 87' lang='lat' dir='ltr'><strong>confudit</strong></span> <span class='ocrx_word' id='word_1_101' title='bbox 2293 1322 2316 1374; x_wconf 80' lang='lat'>3</span> <span class='ocrx_word' id='word_1_102' title='bbox 2339 1293 2405 1365; x_wconf 87' lang='lat' dir='ltr'><strong>id</strong></span> <span class='ocrx_word' id='word_1_103' title='bbox 2439 1293 2622 1388; x_wconf 86' lang='lat' dir='ltr'><strong>quod</strong></span> <span class='ocrx_word' id='word_1_104' title='bbox 2659 1295 2907 1366; x_wconf 70' lang='lat' dir='ltr'><strong>fastum</strong></span> <span class='ocrx_word' id='word_1_105' title='bbox 2932 1290 3052 1366; x_wconf 83' lang='lat' dir='ltr'><strong>effe</strong></span> <span class='ocrx_word' id='word_1_106' title='bbox 3074 1297 3270 1369; x_wconf 88' lang='lat' dir='ltr'><strong>unico</strong></span> <span class='ocrx_word' id='word_1_107' title='bbox 3295 1304 3617 1396; x_wconf 80' lang='lat' dir='ltr'><strong>exemplo</strong></span> <span class='ocrx_word' id='word_1_108' title='bbox 3651 1330 3736 1377; x_wconf 84' lang='lat' dir='ltr'><strong>ex</strong></span> <span class='ocrx_word' id='word_1_109' title='bbox 3762 1307 3869 1378; x_wconf 83' lang='lat' dir='ltr'><strong>lin.</strong></span> 
     </span>
     <span class='ocr_line' id='line_1_11' title="bbox 932 1385 3865 1502; baseline 0 -25"><span class='ocrx_word' id='word_1_110' title='bbox 932 1419 1063 1502; x_wconf 74' lang='lat' dir='ltr'><strong>gua</strong></span> <span class='ocrx_word' id='word_1_111' title='bbox 1100 1403 1387 1480; x_wconf 84' lang='lat' dir='ltr'><strong>Hebraea</strong></span> <span class='ocrx_word' id='word_1_112' title='bbox 1411 1419 1561 1473; x_wconf 88' lang='lat' dir='ltr'><strong>ante</strong></span> <span class='ocrx_word' id='word_1_113' title='bbox 1576 1394 2023 1494; x_wconf 78' lang='lat' dir='ltr'><strong>probavimus.</strong></span> <span class='ocrx_word' id='word_1_114' title='bbox 2087 1394 2174 1467; x_wconf 90' lang='lat' dir='ltr'><strong>Et</strong></span> <span class='ocrx_word' id='word_1_115' title='bbox 2190 1417 2347 1466; x_wconf 86' lang='lat' dir='ltr'><strong>cum</strong></span> <span class='ocrx_word' id='word_1_116' title='bbox 2372 1392 2695 1486; x_wconf 78' lang='lat' dir='ltr'>hodieque</span> <span class='ocrx_word' id='word_1_117' title='bbox 2737 1385 2983 1486; x_wconf 85' lang='lat' dir='ltr'><strong>linguae</strong></span> <span class='ocrx_word' id='word_1_118' title='bbox 3010 1414 3128 1466; x_wconf 87' lang='lat' dir='ltr'><strong>aut</strong></span> <span class='ocrx_word' id='word_1_119' title='bbox 3158 1392 3581 1488; x_wconf 58' lang='lat' dir='ltr'><strong>perfectiores</strong></span> <span class='ocrx_word' id='word_1_120' title='bbox 3614 1425 3734 1476; x_wconf 87' lang='lat' dir='ltr'><strong>aut</strong></span> <span class='ocrx_word' id='word_1_121' title='bbox 3757 1406 3865 1476; x_wconf 86' lang='lat' dir='ltr'><strong>im.</strong></span> 
     </span>
     <span class='ocr_line' id='line_1_12' title="bbox 938 1489 3864 1600; baseline 0.001 -23"><span class='ocrx_word' id='word_1_122' title='bbox 938 1503 1348 1600; x_wconf 63' lang='lat' dir='ltr'><strong>perfectiores</strong></span> <span class='ocrx_word' id='word_1_123' title='bbox 1383 1496 1548 1583; x_wconf 85' lang='lat' dir='ltr'><strong>fint,</strong></span> <span class='ocrx_word' id='word_1_124' title='bbox 1602 1516 1805 1589; x_wconf 87' lang='lat' dir='ltr'><strong>prout</strong></span> <span class='ocrx_word' id='word_1_125' title='bbox 1831 1493 2059 1588; x_wconf 86' lang='lat' dir='ltr'><strong>populi</strong></span> <span class='ocrx_word' id='word_1_126' title='bbox 2097 1542 2122 1579; x_wconf 88' lang='lat'><strong>,</strong></span> <span class='ocrx_word' id='word_1_127' title='bbox 2178 1492 2294 1586; x_wconf 82' lang='lat' dir='ltr'><strong>qui</strong></span> <span class='ocrx_word' id='word_1_128' title='bbox 2333 1491 2455 1562; x_wconf 73' lang='lat' dir='ltr'><strong>illis</strong></span> <span class='ocrx_word' id='word_1_129' title='bbox 2480 1511 2758 1563; x_wconf 87' lang='lat' dir='ltr'><strong>utuntur</strong></span> <span class='ocrx_word' id='word_1_130' title='bbox 2785 1542 2809 1577; x_wconf 72' lang='lat'><em>2</em></span> <span class='ocrx_word' id='word_1_131' title='bbox 2842 1489 2993 1563; x_wconf 88' lang='lat' dir='ltr'><strong>sunt</strong></span> <span class='ocrx_word' id='word_1_132' title='bbox 3014 1511 3133 1564; x_wconf 86' lang='lat' dir='ltr'><strong>aut</strong></span> <span class='ocrx_word' id='word_1_133' title='bbox 3162 1493 3464 1568; x_wconf 80' lang='lat' dir='ltr'><strong>cultiores</strong></span> <span class='ocrx_word' id='word_1_134' title='bbox 3499 1524 3628 1574; x_wconf 84' lang='lat' dir='ltr'><strong>aut</strong></span> <span class='ocrx_word' id='word_1_135' title='bbox 3667 1503 3864 1579; x_wconf 82' lang='lat' dir='ltr'><strong>rudio-</strong></span> 
     </span>
     <span class='ocr_line' id='line_1_13' title="bbox 932 1585 3857 1696; baseline 0.004 -25"><span class='ocrx_word' id='word_1_136' title='bbox 932 1627 1078 1682; x_wconf 74' lang='lat' dir='ltr'><strong>res3</strong></span> <span class='ocrx_word' id='word_1_137' title='bbox 1127 1597 1364 1674; x_wconf 74' lang='lat' dir='ltr'><strong>neceffe</strong></span> <span class='ocrx_word' id='word_1_138' title='bbox 1412 1597 1505 1669; x_wconf 86' lang='lat' dir='ltr'><strong>est</strong></span> <span class='ocrx_word' id='word_1_139' title='bbox 1535 1648 1557 1683; x_wconf 91' lang='lat'><strong>,</strong></span> <span class='ocrx_word' id='word_1_140' title='bbox 1605 1597 1890 1688; x_wconf 80' lang='lat' dir='ltr'>linguam</span> <span class='ocrx_word' id='word_1_141' title='bbox 1927 1590 2166 1665; x_wconf 86' lang='lat' dir='ltr'><strong>Adami</strong></span> <span class='ocrx_word' id='word_1_142' title='bbox 2204 1614 2344 1663; x_wconf 89' lang='lat' dir='ltr'><strong>non</strong></span> <span class='ocrx_word' id='word_1_143' title='bbox 2393 1612 2627 1682; x_wconf 84' lang='lat' dir='ltr'><strong>parum</strong></span> <span class='ocrx_word' id='word_1_144' title='bbox 2653 1585 2834 1678; x_wconf 67' lang='lat' dir='ltr'><strong>fuifle</strong></span> <span class='ocrx_word' id='word_1_145' title='bbox 2876 1606 3204 1664; x_wconf 82' lang='lat' dir='ltr'><strong>mutatam</strong></span> <span class='ocrx_word' id='word_1_146' title='bbox 3230 1642 3256 1681; x_wconf 94' lang='lat'><strong>,</strong></span> <span class='ocrx_word' id='word_1_147' title='bbox 3312 1618 3466 1669; x_wconf 83' lang='lat' dir='ltr'><strong>cum</strong></span> <span class='ocrx_word' id='word_1_148' title='bbox 3493 1597 3857 1696; x_wconf 82' lang='lat' dir='ltr'>sapientiam</span> 
     </span>
    </p>
   </div>
   <div class='ocr_carea' id='block_1_3' title="bbox 932 1687 2457 1785">
    <p class='ocr_par' dir='ltr' id='par_1_3' title="bbox 932 1687 2457 1785">
     <span class='ocr_line' id='line_1_14' title="bbox 932 1687 2457 1785; baseline -0.009 -13"><span class='ocrx_word' id='word_1_149' title='bbox 932 1697 1121 1771; x_wconf 85' lang='lat' dir='ltr'><strong>suam</strong></span> <span class='ocrx_word' id='word_1_150' title='bbox 1142 1701 1207 1771; x_wconf 75' lang='grc' dir='ltr'><strong>δι</strong></span> <span class='ocrx_word' id='word_1_151' title='bbox 1256 1693 1555 1770; x_wconf 82' lang='lat' dir='ltr'><strong>mirificas</strong></span> <span class='ocrx_word' id='word_1_152' title='bbox 1605 1695 1791 1766; x_wconf 87' lang='lat' dir='ltr'><strong>dotes</strong></span> <span class='ocrx_word' id='word_1_153' title='bbox 1836 1710 2103 1785; x_wconf 88' lang='lat' dir='ltr'><strong>peccato</strong></span> <span class='ocrx_word' id='word_1_154' title='bbox 2157 1687 2457 1783; x_wconf 81' lang='lat' dir='ltr'><strong>perdidit.</strong></span> 
     </span>
    </p>
   </div>
   <div class='ocr_carea' id='block_1_4' title="bbox 916 1833 3849 2724">
    <p class='ocr_par' dir='ltr' id='par_1_4' title="bbox 916 1833 3849 2724">
     <span class='ocr_line' id='line_1_15' title="bbox 1125 1833 3849 1937; baseline 0 -21"><span class='ocrx_word' id='word_1_155' title='bbox 1125 1852 1351 1935; x_wconf 82' lang='lat' dir='ltr'><strong>Qare</strong></span> <span class='ocrx_word' id='word_1_156' title='bbox 1385 1841 1431 1915; x_wconf 83' lang='lat' dir='ltr'>fi</span> <span class='ocrx_word' id='word_1_157' title='bbox 1475 1845 1591 1937; x_wconf 89' lang='lat' dir='ltr'><strong>qui</strong></span> <span class='ocrx_word' id='word_1_158' title='bbox 1615 1838 1762 1914; x_wconf 89' lang='lat' dir='ltr'><strong>sunt</strong></span> <span class='ocrx_word' id='word_1_159' title='bbox 1787 1892 1809 1927; x_wconf 91' lang='lat'><strong>,</strong></span> <span class='ocrx_word' id='word_1_160' title='bbox 1861 1838 1978 1934; x_wconf 88' lang='lat' dir='ltr'><strong>qui</strong></span> <span class='ocrx_word' id='word_1_161' title='bbox 2025 1837 2322 1933; x_wconf 84' lang='lat' dir='ltr'>linguam</span> <span class='ocrx_word' id='word_1_162' title='bbox 2368 1833 2773 1910; x_wconf 83' lang='lat' dir='ltr'><strong>Hebraicam</strong></span> <span class='ocrx_word' id='word_1_163' title='bbox 2818 1836 3196 1932; x_wconf 87' lang='lat' dir='ltr'><strong>linguarum</strong></span> <span class='ocrx_word' id='word_1_164' title='bbox 3222 1840 3550 1916; x_wconf 83' lang='lat' dir='ltr'><strong>omnium</strong></span> <span class='ocrx_word' id='word_1_165' title='bbox 3593 1845 3849 1937; x_wconf 82' lang='lat' dir='ltr'><strong>primam</strong></span> 
     </span>
     <span class='ocr_line' id='line_1_16' title="bbox 927 1932 3838 2033; baseline -0.002 -16"><span class='ocrx_word' id='word_1_166' title='bbox 927 1939 1108 2018; x_wconf 80' lang='lat' dir='ltr'><strong>fuiffe</strong></span> <span class='ocrx_word' id='word_1_167' title='bbox 1149 1944 1467 2029; x_wconf 88' lang='lat' dir='ltr'><strong>credunt,</strong></span> <span class='ocrx_word' id='word_1_168' title='bbox 1507 1942 1654 2026; x_wconf 86' lang='lat' dir='ltr'><strong>uti,</strong></span> <span class='ocrx_word' id='word_1_169' title='bbox 1687 1964 1839 2013; x_wconf 88' lang='lat' dir='ltr'><strong>cum</strong></span> <span class='ocrx_word' id='word_1_170' title='bbox 1864 1962 1945 2011; x_wconf 83' lang='lat' dir='ltr'><strong>ex</strong></span> <span class='ocrx_word' id='word_1_171' title='bbox 1972 1932 2110 2008; x_wconf 83' lang='lat' dir='ltr'><strong>aliis</strong></span> <span class='ocrx_word' id='word_1_172' title='bbox 2132 1937 2573 2032; x_wconf 83' lang='lat' dir='ltr'><strong>argumentis,</strong></span> <span class='ocrx_word' id='word_1_173' title='bbox 2612 1955 2757 2008; x_wconf 89' lang='lat' dir='ltr'><strong>tum</strong></span> <span class='ocrx_word' id='word_1_174' title='bbox 2793 1933 3149 2029; x_wconf 82' lang='lat' dir='ltr'><strong>praesertim</strong></span> <span class='ocrx_word' id='word_1_175' title='bbox 3184 1961 3269 2009; x_wconf 80' lang='lat' dir='ltr'><strong>ex</strong></span> <span class='ocrx_word' id='word_1_176' title='bbox 3303 1942 3682 2014; x_wconf 81' lang='lat' dir='ltr'><strong>nominibus</strong></span> <span class='ocrx_word' id='word_1_177' title='bbox 3703 1965 3838 2033; x_wconf 84' lang='lat' dir='ltr'><strong>pro-</strong></span> 
     </span>
     <span class='ocr_line' id='line_1_17' title="bbox 926 2032 3841 2136; baseline -0.002 -22"><span class='ocrx_word' id='word_1_178' title='bbox 926 2045 1081 2136; x_wconf 86' lang='lat' dir='ltr'><strong>priis</strong></span> <span class='ocrx_word' id='word_1_179' title='bbox 1133 2044 1480 2114; x_wconf 87' lang='lat' dir='ltr'><strong>hominum</strong></span> <span class='ocrx_word' id='word_1_180' title='bbox 1502 2089 1526 2126; x_wconf 93' lang='lat'><strong>,</strong></span> <span class='ocrx_word' id='word_1_181' title='bbox 1556 2038 1906 2130; x_wconf 89' lang='lat' dir='ltr'><strong>regionum</strong></span> <span class='ocrx_word' id='word_1_182' title='bbox 1929 2085 1951 2120; x_wconf 93' lang='lat'><strong>,</strong></span> <span class='ocrx_word' id='word_1_183' title='bbox 1982 2032 2256 2107; x_wconf 87' lang='lat' dir='ltr'><strong>urbium</strong></span> <span class='ocrx_word' id='word_1_184' title='bbox 2308 2035 2348 2126; x_wconf 82' lang='lat'>(</span> <span class='ocrx_word' id='word_1_185' title='bbox 2365 2035 2512 2108; x_wconf 87' lang='lat' dir='ltr'><strong>haec</strong></span> <span class='ocrx_word' id='word_1_186' title='bbox 2535 2036 2714 2108; x_wconf 89' lang='lat' dir='ltr'><strong>enim</strong></span> <span class='ocrx_word' id='word_1_187' title='bbox 2742 2032 2872 2106; x_wconf 90' lang='lat' dir='ltr'><strong>fere</strong></span> <span class='ocrx_word' id='word_1_188' title='bbox 2907 2038 2981 2106; x_wconf 90' lang='lat' dir='ltr'><strong>in</strong></span> <span class='ocrx_word' id='word_1_189' title='bbox 3028 2034 3264 2130; x_wconf 87' lang='lat' dir='ltr'><strong>linguis</strong></span> <span class='ocrx_word' id='word_1_190' title='bbox 3302 2041 3551 2116; x_wconf 88' lang='lat' dir='ltr'><strong>mutari</strong></span> <span class='ocrx_word' id='word_1_191' title='bbox 3589 2065 3712 2112; x_wconf 89' lang='lat' dir='ltr'><strong>non</strong></span> <span class='ocrx_word' id='word_1_192' title='bbox 3753 2035 3841 2110; x_wconf 90' lang='lat' dir='ltr'><strong>so-</strong></span> 
     </span>
     <span class='ocr_line' id='line_1_18' title="bbox 926 2132 3842 2232; baseline -0.001 -19"><span class='ocrx_word' id='word_1_193' title='bbox 926 2137 1130 2232; x_wconf 84' lang='lat' dir='ltr'><strong>lent&gt;</strong></span> <span class='ocrx_word' id='word_1_194' title='bbox 1181 2142 1352 2213; x_wconf 65' lang='lat' dir='ltr'><strong>reete</strong></span> <span class='ocrx_word' id='word_1_195' title='bbox 1377 2137 1760 2211; x_wconf 82' lang='lat' dir='ltr'><strong>concludere</strong></span> <span class='ocrx_word' id='word_1_196' title='bbox 1806 2135 2116 2207; x_wconf 87' lang='lat' dir='ltr'><strong>videntur</strong></span> <span class='ocrx_word' id='word_1_197' title='bbox 2170 2159 2189 2204; x_wconf 71' lang='grc' dir='ltr'><strong><em>ε</em></strong></span> <span class='ocrx_word' id='word_1_198' title='bbox 2249 2133 2545 2205; x_wconf 88' lang='lat' dir='ltr'><strong>iitamen</strong></span> <span class='ocrx_word' id='word_1_199' title='bbox 2588 2158 2672 2205; x_wconf 89' lang='lat' dir='ltr'><strong>ne</strong></span> <span class='ocrx_word' id='word_1_200' title='bbox 2715 2132 2982 2207; x_wconf 79' lang='lat' dir='ltr'><strong>credant</strong></span> <span class='ocrx_word' id='word_1_201' title='bbox 3007 2182 3029 2217; x_wconf 89' lang='lat'>‚</span> <span class='ocrx_word' id='word_1_202' title='bbox 3061 2133 3300 2208; x_wconf 84' lang='lat' dir='ltr'><strong>Adami</strong></span> <span class='ocrx_word' id='word_1_203' title='bbox 3347 2136 3530 2209; x_wconf 87' lang='lat' dir='ltr'><strong>illam</strong></span> <span class='ocrx_word' id='word_1_204' title='bbox 3573 2138 3842 2232; x_wconf 84' lang='lat' dir='ltr'><strong>linguam</strong></span> 
     </span>
     <span class='ocr_line' id='line_1_19' title="bbox 926 2228 3841 2337; baseline -0.002 -26"><span class='ocrx_word' id='word_1_205' title='bbox 926 2240 1422 2335; x_wconf 87' lang='lat' dir='ltr'><strong>primigeniam,</strong></span> <span class='ocrx_word' id='word_1_206' title='bbox 1477 2261 1608 2328; x_wconf 90' lang='lat' dir='ltr'><strong>qua</strong></span> <span class='ocrx_word' id='word_1_207' title='bbox 1651 2234 1724 2307; x_wconf 83' lang='lat' dir='ltr'><strong>in</strong></span> <span class='ocrx_word' id='word_1_208' title='bbox 1761 2232 1900 2328; x_wconf 90' lang='lat' dir='ltr'><strong>ipso</strong></span> <span class='ocrx_word' id='word_1_209' title='bbox 1952 2229 2042 2304; x_wconf 88' lang='lat' dir='ltr'><strong>est</strong></span> <span class='ocrx_word' id='word_1_210' title='bbox 2068 2230 2238 2303; x_wconf 86' lang='lat' dir='ltr'><strong>statu</strong></span> <span class='ocrx_word' id='word_1_211' title='bbox 2292 2232 2689 2337; x_wconf 71' lang='lat' dir='ltr'><strong>innocentiae</strong></span> <span class='ocrx_word' id='word_1_212' title='bbox 2719 2230 2869 2304; x_wconf 88' lang='lat' dir='ltr'><strong>usus</strong></span> <span class='ocrx_word' id='word_1_213' title='bbox 2898 2283 2922 2320; x_wconf 95' lang='lat'><strong>,</strong></span> <span class='ocrx_word' id='word_1_214' title='bbox 2979 2228 3333 2306; x_wconf 82' lang='lat' dir='ltr'><strong>Hebraicae</strong></span> <span class='ocrx_word' id='word_1_215' title='bbox 3381 2285 3409 2321; x_wconf 88' lang='lat'><strong>,</strong></span> <span class='ocrx_word' id='word_1_216' title='bbox 3461 2260 3610 2329; x_wconf 83' lang='lat' dir='ltr'><strong>quae</strong></span> <span class='ocrx_word' id='word_1_217' title='bbox 3656 2239 3841 2306; x_wconf 85' lang='lat' dir='ltr'><strong>etiam</strong></span> 
     </span>
     <span class='ocr_line' id='line_1_20' title="bbox 927 2324 3831 2428; baseline -0.003 -18"><span class='ocrx_word' id='word_1_218' title='bbox 927 2362 1104 2410; x_wconf 88' lang='lat' dir='ltr'><strong>nunc</strong></span> <span class='ocrx_word' id='word_1_219' title='bbox 1134 2340 1203 2408; x_wconf 87' lang='lat' dir='ltr'><strong>in</strong></span> <span class='ocrx_word' id='word_1_220' title='bbox 1235 2339 1299 2411; x_wconf 91' lang='lat' dir='ltr'><strong>S.</strong></span> <span class='ocrx_word' id='word_1_221' title='bbox 1337 2335 1664 2428; x_wconf 84' lang='lat' dir='ltr'><strong>Scriptura</strong></span> <span class='ocrx_word' id='word_1_222' title='bbox 1689 2351 1875 2405; x_wconf 83' lang='lat' dir='ltr'><strong>extat</strong></span> <span class='ocrx_word' id='word_1_223' title='bbox 1893 2377 1910 2407; x_wconf 80' lang='lat'>‚</span> <span class='ocrx_word' id='word_1_224' title='bbox 1933 2354 2048 2420; x_wconf 88' lang='lat' dir='ltr'><strong>per</strong></span> <span class='ocrx_word' id='word_1_225' title='bbox 2076 2332 2300 2401; x_wconf 85' lang='lat' dir='ltr'><strong>omnia</strong></span> <span class='ocrx_word' id='word_1_226' title='bbox 2328 2324 2606 2401; x_wconf 75' lang='lat' dir='ltr'><strong>fimtlem</strong></span> <span class='ocrx_word' id='word_1_227' title='bbox 2631 2326 2852 2410; x_wconf 68' lang='lat' dir='ltr'><strong>fiaiffi3</strong></span> <span class='ocrx_word' id='word_1_228' title='bbox 2880 2328 2985 2402; x_wconf 88' lang='lat' dir='ltr'><strong>sed</strong></span> <span class='ocrx_word' id='word_1_229' title='bbox 3009 2354 3215 2421; x_wconf 88' lang='lat' dir='ltr'><strong>pauca</strong></span> <span class='ocrx_word' id='word_1_230' title='bbox 3251 2333 3485 2423; x_wconf 87' lang='lat' dir='ltr'><strong>ejusad</strong></span> <span class='ocrx_word' id='word_1_231' title='bbox 3521 2332 3831 2402; x_wconf 84' lang='lat' dir='ltr'><strong>summum</strong></span> 
     </span>
     <span class='ocr_line' id='line_1_21' title="bbox 926 2424 3826 2528; baseline -0.003 -20"><span class='ocrx_word' id='word_1_232' title='bbox 926 2437 997 2510; x_wconf 89' lang='lat' dir='ltr'><strong>in</strong></span> <span class='ocrx_word' id='word_1_233' title='bbox 1044 2437 1164 2507; x_wconf 81' lang='lat' dir='ltr'><strong>hac</strong></span> <span class='ocrx_word' id='word_1_234' title='bbox 1200 2434 1461 2528; x_wconf 88' lang='lat' dir='ltr'><strong>reperiri</strong></span> <span class='ocrx_word' id='word_1_235' title='bbox 1490 2431 1752 2525; x_wconf 86' lang='lat' dir='ltr'><strong>vestigia</strong></span> <span class='ocrx_word' id='word_1_236' title='bbox 1777 2458 1795 2501; x_wconf 70' lang='grc' dir='ltr'><strong><em>ε</em></strong></span> <span class='ocrx_word' id='word_1_237' title='bbox 1824 2431 2012 2522; x_wconf 89' lang='lat' dir='ltr'><strong>plane</strong></span> <span class='ocrx_word' id='word_1_238' title='bbox 2033 2448 2148 2515; x_wconf 91' lang='lat' dir='ltr'><strong>ut,</strong></span> <span class='ocrx_word' id='word_1_239' title='bbox 2177 2424 2228 2499; x_wconf 82' lang='lat' dir='ltr'>fi</span> <span class='ocrx_word' id='word_1_240' title='bbox 2257 2451 2406 2521; x_wconf 82' lang='lat' dir='ltr'><strong>quae</strong></span> <span class='ocrx_word' id='word_1_241' title='bbox 2445 2425 2597 2498; x_wconf 89' lang='lat' dir='ltr'><strong>huic</strong></span> <span class='ocrx_word' id='word_1_242' title='bbox 2636 2426 2780 2519; x_wconf 88' lang='lat' dir='ltr'><strong>post</strong></span> <span class='ocrx_word' id='word_1_243' title='bbox 2817 2424 3210 2508; x_wconf 84' lang='lat' dir='ltr'><strong>accefferunt</strong></span> <span class='ocrx_word' id='word_1_244' title='bbox 3238 2427 3542 2503; x_wconf 73' lang='lat' dir='ltr'><strong>vocabula</strong></span> <span class='ocrx_word' id='word_1_245' title='bbox 3582 2478 3610 2515; x_wconf 91' lang='lat'><strong>,</strong></span> <span class='ocrx_word' id='word_1_246' title='bbox 3680 2451 3826 2521; x_wconf 78' lang='lat' dir='ltr'><strong>quae</strong></span> 
     </span>
     <span class='ocr_line' id='line_1_22' title="bbox 926 2521 3830 2628; baseline -0.002 -23"><span class='ocrx_word' id='word_1_247' title='bbox 926 2534 1260 2628; x_wconf 87' lang='lat' dir='ltr'><strong>petierunt</strong></span> <span class='ocrx_word' id='word_1_248' title='bbox 1281 2585 1305 2620; x_wconf 95' lang='lat'><strong>,</strong></span> <span class='ocrx_word' id='word_1_249' title='bbox 1333 2557 1487 2627; x_wconf 84' lang='lat' dir='ltr'><strong>quae</strong></span> <span class='ocrx_word' id='word_1_250' title='bbox 1513 2549 1765 2604; x_wconf 83' lang='lat' dir='ltr'><strong>mutata</strong></span> <span class='ocrx_word' id='word_1_251' title='bbox 1790 2528 1962 2614; x_wconf 83' lang='lat' dir='ltr'><strong>sunt,</strong></span> <span class='ocrx_word' id='word_1_252' title='bbox 1983 2528 2420 2620; x_wconf 66' lang='lat' dir='ltr'><strong>autjquorum</strong></span> <span class='ocrx_word' id='word_1_253' title='bbox 2449 2521 2954 2619; x_wconf 85' lang='lat' dir='ltr'><strong>fignificationes</strong></span> <span class='ocrx_word' id='word_1_254' title='bbox 2974 2526 3271 2602; x_wconf 83' lang='lat' dir='ltr'><strong>confusae</strong></span> <span class='ocrx_word' id='word_1_255' title='bbox 3294 2526 3546 2601; x_wconf 68' lang='lat' dir='ltr'><strong>fixerunt</strong></span> <span class='ocrx_word' id='word_1_256' title='bbox 3561 2576 3596 2616; x_wconf 78' lang='lat'><strong>,</strong></span> <span class='ocrx_word' id='word_1_257' title='bbox 3625 2523 3830 2620; x_wconf 84' lang='lat' dir='ltr'><strong>probe</strong></span> 
     </span>
     <span class='ocr_line' id='line_1_23' title="bbox 916 2619 3465 2724; baseline -0.003 -17"><span class='ocrx_word' id='word_1_258' title='bbox 916 2628 1286 2707; x_wconf 86' lang='lat' dir='ltr'><strong>confideres</strong></span> <span class='ocrx_word' id='word_1_259' title='bbox 1312 2684 1338 2720; x_wconf 90' lang='lat'><strong>,</strong></span> <span class='ocrx_word' id='word_1_260' title='bbox 1388 2631 1703 2704; x_wconf 79' lang='lat' dir='ltr'><strong>hodierna</strong></span> <span class='ocrx_word' id='word_1_261' title='bbox 1739 2628 1961 2724; x_wconf 85' lang='lat' dir='ltr'><strong>lingua</strong></span> <span class='ocrx_word' id='word_1_262' title='bbox 2000 2622 2336 2701; x_wconf 72' lang='lat' dir='ltr'><strong>Hebraioe</strong></span> <span class='ocrx_word' id='word_1_263' title='bbox 2386 2624 2512 2697; x_wconf 86' lang='lat' dir='ltr'><strong>alia</strong></span> <span class='ocrx_word' id='word_1_264' title='bbox 2554 2623 2745 2718; x_wconf 87' lang='lat' dir='ltr'><strong>plane</strong></span> <span class='ocrx_word' id='word_1_265' title='bbox 2777 2619 2861 2696; x_wconf 85' lang='lat' dir='ltr'><strong>fit</strong></span> <span class='ocrx_word' id='word_1_266' title='bbox 2902 2625 3128 2720; x_wconf 85' lang='lat' dir='ltr'><strong>lingua</strong></span> <span class='ocrx_word' id='word_1_267' title='bbox 3176 2625 3465 2701; x_wconf 82' lang='lat' dir='ltr'><strong>dicenda.</strong></span> 
     </span>
    </p>
   </div>
   <div class='ocr_carea' id='block_1_5' title="bbox 923 2776 3929 3867">
    <p class='ocr_par' dir='ltr' id='par_1_5' title="bbox 923 2776 3929 3867">
     <span class='ocr_line' id='line_1_24' title="bbox 1119 2776 3839 2880; baseline -0 -22"><span class='ocrx_word' id='word_1_268' title='bbox 1119 2780 1518 2858; x_wconf 78' lang='lat' dir='ltr'><strong>Habuerunt</strong></span> <span class='ocrx_word' id='word_1_269' title='bbox 1543 2784 1761 2878; x_wconf 86' lang='lat' dir='ltr'><strong>itaque</strong></span> <span class='ocrx_word' id='word_1_270' title='bbox 1789 2784 2092 2857; x_wconf 87' lang='lat' dir='ltr'><strong>homines</strong></span> <span class='ocrx_word' id='word_1_271' title='bbox 2115 2779 2333 2855; x_wconf 85' lang='lat' dir='ltr'><strong>statim</strong></span> <span class='ocrx_word' id='word_1_272' title='bbox 2375 2780 2414 2851; x_wconf 72' lang='lat' dir='ltr'><strong>a</strong></span> <span class='ocrx_word' id='word_1_273' title='bbox 2462 2776 2642 2874; x_wconf 87' lang='lat' dir='ltr'><strong>lapsu</strong></span> <span class='ocrx_word' id='word_1_274' title='bbox 2676 2779 2968 2875; x_wconf 84' lang='lat' dir='ltr'><strong>linguam</strong></span> <span class='ocrx_word' id='word_1_275' title='bbox 3003 2782 3271 2876; x_wconf 89' lang='lat' dir='ltr'><strong>quidem</strong></span> <span class='ocrx_word' id='word_1_276' title='bbox 3300 2833 3325 2871; x_wconf 91' lang='lat'><strong>,</strong></span> <span class='ocrx_word' id='word_1_277' title='bbox 3378 2782 3488 2857; x_wconf 87' lang='lat' dir='ltr'><strong>sed</strong></span> <span class='ocrx_word' id='word_1_278' title='bbox 3534 2781 3839 2880; x_wconf 83' lang='lat' dir='ltr'><strong>imperfec-</strong></span> 
     </span>
     <span class='ocr_line' id='line_1_25' title="bbox 925 2878 3838 2978; baseline 0 -24"><span class='ocrx_word' id='word_1_279' title='bbox 925 2903 1082 2966; x_wconf 11' lang='lat' dir='ltr'><strong>tam*</strong></span> <span class='ocrx_word' id='word_1_280' title='bbox 1112 2882 1303 2955; x_wconf 88' lang='lat' dir='ltr'><strong>valde</strong></span> <span class='ocrx_word' id='word_1_281' title='bbox 1347 2908 1422 2954; x_wconf 92' lang='lat' dir='ltr'><strong>ac</strong></span> <span class='ocrx_word' id='word_1_282' title='bbox 1460 2884 1811 2963; x_wconf 80' lang='lat' dir='ltr'><strong>mutilam3</strong></span> <span class='ocrx_word' id='word_1_283' title='bbox 1843 2908 2044 2976; x_wconf 89' lang='lat' dir='ltr'><strong>quarn</strong></span> <span class='ocrx_word' id='word_1_284' title='bbox 2077 2879 2297 2974; x_wconf 85' lang='lat' dir='ltr'><strong>postea</strong></span> <span class='ocrx_word' id='word_1_285' title='bbox 2321 2878 2477 2952; x_wconf 73' lang='lat' dir='ltr'><strong>cum</strong></span> <span class='ocrx_word' id='word_1_286' title='bbox 2502 2879 2796 2974; x_wconf 88' lang='lat' dir='ltr'><strong>quotidie</strong></span> <span class='ocrx_word' id='word_1_287' title='bbox 2845 2878 2910 2951; x_wconf 89' lang='lat' dir='ltr'><strong>se</strong></span> <span class='ocrx_word' id='word_1_288' title='bbox 2946 2879 3021 2951; x_wconf 83' lang='lat' dir='ltr'><strong>iis</strong></span> <span class='ocrx_word' id='word_1_289' title='bbox 3045 2932 3068 2968; x_wconf 90' lang='lat'><strong>,</strong></span> <span class='ocrx_word' id='word_1_290' title='bbox 3117 2882 3333 2955; x_wconf 85' lang='lat' dir='ltr'><strong>immo</strong></span> <span class='ocrx_word' id='word_1_291' title='bbox 3359 2880 3618 2978; x_wconf 75' lang='lat' dir='ltr'><strong>lingulis</strong></span> <span class='ocrx_word' id='word_1_292' title='bbox 3656 2886 3838 2970; x_wconf 70' lang='lat' dir='ltr'><strong>hor-ir,</strong></span> 
     </span>
     <span class='ocr_line' id='line_1_26' title="bbox 923 2974 3842 3077; baseline 0.002 -27"><span class='ocrx_word' id='word_1_293' title='bbox 923 2979 1088 3050; x_wconf 90' lang='lat' dir='ltr'><strong>novi</strong></span> <span class='ocrx_word' id='word_1_294' title='bbox 1115 2981 1277 3071; x_wconf 84' lang='lat' dir='ltr'><strong>quid</strong></span> <span class='ocrx_word' id='word_1_295' title='bbox 1302 2978 1549 3055; x_wconf 88' lang='lat' dir='ltr'><strong>obtulit</strong></span> <span class='ocrx_word' id='word_1_296' title='bbox 1574 3032 1597 3068; x_wconf 92' lang='lat'><strong>,</strong></span> <span class='ocrx_word' id='word_1_297' title='bbox 1632 2982 1736 3054; x_wconf 88' lang='lat' dir='ltr'><strong>cui</strong></span> <span class='ocrx_word' id='word_1_298' title='bbox 1763 2978 2171 3053; x_wconf 82' lang='lat' dir='ltr'><strong>vocabulum</strong></span> <span class='ocrx_word' id='word_1_299' title='bbox 2196 2997 2349 3052; x_wconf 90' lang='lat' dir='ltr'><strong>ante</strong></span> <span class='ocrx_word' id='word_1_300' title='bbox 2388 2974 2772 3071; x_wconf 72' lang='lat' dir='ltr'><strong>impositum</strong></span> <span class='ocrx_word' id='word_1_301' title='bbox 2815 3000 2953 3051; x_wconf 84' lang='lat' dir='ltr'><strong>non</strong></span> <span class='ocrx_word' id='word_1_302' title='bbox 3002 3000 3142 3052; x_wconf 86' lang='lat' dir='ltr'><strong>erat</strong></span> <span class='ocrx_word' id='word_1_303' title='bbox 3171 3031 3196 3066; x_wconf 90' lang='lat'><strong>,</strong></span> <span class='ocrx_word' id='word_1_304' title='bbox 3244 3000 3570 3057; x_wconf 82' lang='lat' dir='ltr'><strong>auxerunt</strong></span> <span class='ocrx_word' id='word_1_305' title='bbox 3622 3007 3695 3055; x_wconf 91' lang='lat' dir='ltr'><strong>ac</strong></span> <span class='ocrx_word' id='word_1_306' title='bbox 3717 3006 3842 3077; x_wconf 85' lang='lat' dir='ltr'><strong>per-</strong></span> 
     </span>
     <span class='ocr_line' id='line_1_27' title="bbox 925 3072 3841 3174; baseline 0.002 -25"><span class='ocrx_word' id='word_1_307' title='bbox 925 3074 1268 3158; x_wconf 75' lang='lat' dir='ltr'><strong>fecerunt3</strong></span> <span class='ocrx_word' id='word_1_308' title='bbox 1320 3078 1516 3169; x_wconf 86' lang='lat' dir='ltr'><strong>idque</strong></span> <span class='ocrx_word' id='word_1_309' title='bbox 1551 3103 1687 3148; x_wconf 93' lang='lat' dir='ltr'><strong>non</strong></span> <span class='ocrx_word' id='word_1_310' title='bbox 1716 3080 1906 3169; x_wconf 89' lang='lat' dir='ltr'><strong>primi</strong></span> <span class='ocrx_word' id='word_1_311' title='bbox 1951 3077 2156 3153; x_wconf 83' lang='lat' dir='ltr'><strong>modo</strong></span> <span class='ocrx_word' id='word_1_312' title='bbox 2186 3075 2489 3147; x_wconf 87' lang='lat' dir='ltr'><strong>homines</strong></span> <span class='ocrx_word' id='word_1_313' title='bbox 2515 3125 2540 3162; x_wconf 93' lang='lat'><strong>,</strong></span> <span class='ocrx_word' id='word_1_314' title='bbox 2580 3072 2688 3147; x_wconf 84' lang='lat' dir='ltr'><strong>sed</strong></span> <span class='ocrx_word' id='word_1_315' title='bbox 2718 3073 2958 3169; x_wconf 84' lang='lat' dir='ltr'><strong>posteri</strong></span> <span class='ocrx_word' id='word_1_316' title='bbox 2984 3101 3248 3172; x_wconf 90' lang='lat' dir='ltr'><strong>quoque</strong></span> <span class='ocrx_word' id='word_1_317' title='bbox 3279 3104 3512 3152; x_wconf 86' lang='lat' dir='ltr'><strong>eorum</strong></span> <span class='ocrx_word' id='word_1_318' title='bbox 3531 3133 3556 3167; x_wconf 89' lang='lat'><strong>,</strong></span> <span class='ocrx_word' id='word_1_319' title='bbox 3598 3101 3841 3174; x_wconf 64' lang='lat' dir='ltr'><strong>nepot&amp;</strong></span> 
     </span>
     <span class='ocr_line' id='line_1_28' title="bbox 927 3169 3845 3274; baseline 0 -26"><span class='ocrx_word' id='word_1_320' title='bbox 927 3177 994 3248; x_wconf 87' lang='lat'>&amp;</span> <span class='ocrx_word' id='word_1_321' title='bbox 1020 3192 1450 3269; x_wconf 84' lang='lat' dir='ltr'><strong>pronepotes,</strong></span> <span class='ocrx_word' id='word_1_322' title='bbox 1502 3177 1621 3247; x_wconf 62' lang='lat' dir='ltr'><strong>&amp;a</strong></span> <span class='ocrx_word' id='word_1_323' title='bbox 1669 3172 1981 3247; x_wconf 86' lang='lat' dir='ltr'><strong>fecerunt.</strong></span> <span class='ocrx_word' id='word_1_324' title='bbox 2089 3172 2298 3260; x_wconf 84' lang='lat' dir='ltr'><strong>Qod</strong></span> <span class='ocrx_word' id='word_1_325' title='bbox 2329 3172 2478 3245; x_wconf 87' lang='lat' dir='ltr'><strong>ideo</strong></span> <span class='ocrx_word' id='word_1_326' title='bbox 2526 3169 2735 3267; x_wconf 90' lang='lat' dir='ltr'><strong>probe</strong></span> <span class='ocrx_word' id='word_1_327' title='bbox 2766 3174 2980 3246; x_wconf 88' lang='lat' dir='ltr'><strong>notari</strong></span> <span class='ocrx_word' id='word_1_328' title='bbox 3007 3177 3254 3264; x_wconf 89' lang='lat' dir='ltr'><strong>velim,</strong></span> <span class='ocrx_word' id='word_1_329' title='bbox 3309 3202 3394 3250; x_wconf 88' lang='lat' dir='ltr'><strong>ne</strong></span> <span class='ocrx_word' id='word_1_330' title='bbox 3423 3181 3572 3274; x_wconf 86' lang='lat' dir='ltr'><strong>quis</strong></span> <span class='ocrx_word' id='word_1_331' title='bbox 3603 3230 3623 3267; x_wconf 92' lang='lat'><strong>,</strong></span> <span class='ocrx_word' id='word_1_332' title='bbox 3672 3201 3845 3250; x_wconf 86' lang='lat' dir='ltr'><strong>vana</strong></span> 
     </span>
     <span class='ocr_line' id='line_1_29' title="bbox 926 3270 3840 3372; baseline 0.001 -26"><span class='ocrx_word' id='word_1_333' title='bbox 926 3274 1162 3346; x_wconf 67' lang='lat' dir='ltr'><strong>duetus</strong></span> <span class='ocrx_word' id='word_1_334' title='bbox 1186 3270 1628 3364; x_wconf 85' lang='lat' dir='ltr'><strong>superstitione</strong></span> <span class='ocrx_word' id='word_1_335' title='bbox 1669 3323 1693 3359; x_wconf 92' lang='lat'><strong>,</strong></span> <span class='ocrx_word' id='word_1_336' title='bbox 1758 3271 1972 3345; x_wconf 87' lang='lat' dir='ltr'><strong>nescio</strong></span> <span class='ocrx_word' id='word_1_337' title='bbox 2019 3294 2223 3364; x_wconf 87' lang='lat' dir='ltr'><strong>quarn</strong></span> <span class='ocrx_word' id='word_1_338' title='bbox 2257 3274 2326 3342; x_wconf 87' lang='lat' dir='ltr'><strong>in</strong></span> <span class='ocrx_word' id='word_1_339' title='bbox 2371 3294 2506 3343; x_wconf 87' lang='lat' dir='ltr'><strong>una</strong></span> <span class='ocrx_word' id='word_1_340' title='bbox 2541 3272 2762 3366; x_wconf 86' lang='lat' dir='ltr'><strong>lingua</strong></span> <span class='ocrx_word' id='word_1_341' title='bbox 2792 3296 2931 3364; x_wconf 82' lang='lat' dir='ltr'><strong>prae</strong></span> <span class='ocrx_word' id='word_1_342' title='bbox 2970 3273 3090 3345; x_wconf 83' lang='lat' dir='ltr'><strong>alia</strong></span> <span class='ocrx_word' id='word_1_343' title='bbox 3117 3275 3537 3350; x_wconf 84' lang='lat' dir='ltr'><strong>divinitatem</strong></span> <span class='ocrx_word' id='word_1_344' title='bbox 3570 3295 3840 3372; x_wconf 81' lang='lat' dir='ltr'><strong>quaerat,</strong></span> 
     </span>
     <span class='ocr_line' id='line_1_30' title="bbox 925 3368 3929 3470; baseline 0 -25"><span class='ocrx_word' id='word_1_345' title='bbox 925 3371 1236 3463; x_wconf 84' lang='lat' dir='ltr'><strong>mysteria</strong></span> <span class='ocrx_word' id='word_1_346' title='bbox 1261 3369 1412 3444; x_wconf 75' lang='lat' dir='ltr'><strong>inde</strong></span> <span class='ocrx_word' id='word_1_347' title='bbox 1437 3370 1789 3466; x_wconf 83' lang='lat' dir='ltr'><strong>exsculpat,</strong></span> <span class='ocrx_word' id='word_1_348' title='bbox 1828 3368 2222 3443; x_wconf 59' lang='lat' dir='ltr'><strong>Cabalisticis</strong></span> <span class='ocrx_word' id='word_1_349' title='bbox 2269 3370 2457 3464; x_wconf 87' lang='lat' dir='ltr'><strong>nugis</strong></span> <span class='ocrx_word' id='word_1_350' title='bbox 2495 3369 2829 3465; x_wconf 78' lang='lat' dir='ltr'><strong>indulgeat</strong></span> <span class='ocrx_word' id='word_1_351' title='bbox 2859 3396 2877 3440; x_wconf 75' lang='grc' dir='ltr'><strong><em>ε</em></strong></span> <span class='ocrx_word' id='word_1_352' title='bbox 2911 3394 3068 3443; x_wconf 87' lang='lat' dir='ltr'><strong>cum</strong></span> <span class='ocrx_word' id='word_1_353' title='bbox 3096 3396 3324 3445; x_wconf 89' lang='lat' dir='ltr'><strong>omnes</strong></span> <span class='ocrx_word' id='word_1_354' title='bbox 3365 3374 3615 3470; x_wconf 69' lang='lat' dir='ltr'><strong>linguae</strong></span> <span class='ocrx_word' id='word_1_355' title='bbox 3639 3374 3717 3447; x_wconf 87' lang='lat' dir='ltr'><strong>ab</strong></span> <span class='ocrx_word' id='word_1_356' title='bbox 3741 3376 3844 3446; x_wconf 82' lang='lat' dir='ltr'><strong>ho-</strong></span> <span class='ocrx_word' id='word_1_357' title='bbox 3921 3418 3929 3423; x_wconf 93' lang='lat'>-</span> 
     </span>
     <span class='ocr_line' id='line_1_31' title="bbox 929 3467 3842 3565; baseline 0.001 -23"><span class='ocrx_word' id='word_1_358' title='bbox 929 3472 1187 3543; x_wconf 85' lang='lat' dir='ltr'><strong>minum</strong></span> <span class='ocrx_word' id='word_1_359' title='bbox 1213 3521 1235 3556; x_wconf 92' lang='lat'><strong>,</strong></span> <span class='ocrx_word' id='word_1_360' title='bbox 1270 3473 1334 3545; x_wconf 85' lang='lat'>&amp;</span> <span class='ocrx_word' id='word_1_361' title='bbox 1359 3471 1713 3556; x_wconf 85' lang='lat' dir='ltr'><strong>hominum</strong></span> <span class='ocrx_word' id='word_1_362' title='bbox 1737 3471 2004 3565; x_wconf 89' lang='lat' dir='ltr'><strong>quidem</strong></span> <span class='ocrx_word' id='word_1_363' title='bbox 2027 3521 2051 3556; x_wconf 91' lang='lat'><strong>,</strong></span> <span class='ocrx_word' id='word_1_364' title='bbox 2081 3468 2302 3562; x_wconf 90' lang='lat' dir='ltr'><strong>quales</strong></span> <span class='ocrx_word' id='word_1_365' title='bbox 2331 3493 2451 3540; x_wconf 91' lang='lat' dir='ltr'><strong>nos</strong></span> <span class='ocrx_word' id='word_1_366' title='bbox 2475 3467 2696 3540; x_wconf 88' lang='lat' dir='ltr'><strong>sumus</strong></span> <span class='ocrx_word' id='word_1_367' title='bbox 2715 3520 2738 3554; x_wconf 92' lang='lat'><strong>,</strong></span> <span class='ocrx_word' id='word_1_368' title='bbox 2787 3468 2973 3540; x_wconf 87' lang='lat' dir='ltr'><strong>nudo</strong></span> <span class='ocrx_word' id='word_1_369' title='bbox 3018 3467 3340 3543; x_wconf 87' lang='lat' dir='ltr'><strong>arbitratu</strong></span> <span class='ocrx_word' id='word_1_370' title='bbox 3366 3497 3439 3545; x_wconf 88' lang='lat' dir='ltr'><strong>ac</strong></span> <span class='ocrx_word' id='word_1_371' title='bbox 3485 3474 3842 3546; x_wconf 84' lang='lat' dir='ltr'><strong>voluntaria</strong></span> 
     </span>
     <span class='ocr_line' id='line_1_32' title="bbox 930 3566 3844 3666; baseline 0.002 -28"><span class='ocrx_word' id='word_1_372' title='bbox 930 3570 1221 3659; x_wconf 77' lang='lat' dir='ltr'><strong>quadam</strong></span> <span class='ocrx_word' id='word_1_373' title='bbox 1266 3568 1669 3642; x_wconf 86' lang='lat' dir='ltr'><strong>institutione</strong></span> <span class='ocrx_word' id='word_1_374' title='bbox 1702 3571 2044 3662; x_wconf 84' lang='lat' dir='ltr'><strong>pendeant.</strong></span> <span class='ocrx_word' id='word_1_375' title='bbox 2127 3569 2282 3653; x_wconf 75' lang='lat' dir='ltr'><strong>Qu</strong></span> <span class='ocrx_word' id='word_1_376' title='bbox 2326 3591 2488 3639; x_wconf 86' lang='lat' dir='ltr'><strong>vero</strong></span> <span class='ocrx_word' id='word_1_377' title='bbox 2526 3569 2783 3639; x_wconf 85' lang='lat' dir='ltr'><strong>ratione</strong></span> <span class='ocrx_word' id='word_1_378' title='bbox 2820 3566 3014 3659; x_wconf 87' lang='lat' dir='ltr'><strong>primi</strong></span> <span class='ocrx_word' id='word_1_379' title='bbox 3037 3569 3334 3642; x_wconf 87' lang='lat' dir='ltr'><strong>homines</strong></span> <span class='ocrx_word' id='word_1_380' title='bbox 3359 3572 3657 3666; x_wconf 85' lang='lat' dir='ltr'><strong>linguam</strong></span> <span class='ocrx_word' id='word_1_381' title='bbox 3687 3570 3844 3643; x_wconf 85' lang='lat' dir='ltr'><strong>suam</strong></span> 
     </span>
     <span class='ocr_line' id='line_1_33' title="bbox 930 3664 3846 3764; baseline 0.002 -28"><span class='ocrx_word' id='word_1_382' title='bbox 930 3667 998 3736; x_wconf 85' lang='lat'>&amp;</span> <span class='ocrx_word' id='word_1_383' title='bbox 1028 3666 1388 3740; x_wconf 60' lang='lat' dir='ltr'><strong>auctiorem</strong></span> <span class='ocrx_word' id='word_1_384' title='bbox 1426 3672 1490 3741; x_wconf 87' lang='lat'>&amp;</span> <span class='ocrx_word' id='word_1_385' title='bbox 1518 3666 2042 3742; x_wconf 87' lang='lat' dir='ltr'><strong>commodiorem</strong></span> <span class='ocrx_word' id='word_1_386' title='bbox 2085 3664 2526 3752; x_wconf 83' lang='lat' dir='ltr'><strong>reddiderint,</strong></span> <span class='ocrx_word' id='word_1_387' title='bbox 2558 3665 2859 3760; x_wconf 78' lang='lat' dir='ltr'><strong>deinceps</strong></span> <span class='ocrx_word' id='word_1_388' title='bbox 2902 3665 3118 3739; x_wconf 89' lang='lat' dir='ltr'><strong>dicam</strong></span> <span class='ocrx_word' id='word_1_389' title='bbox 3142 3694 3167 3748; x_wconf 80' lang='lat'>3</span> <span class='ocrx_word' id='word_1_390' title='bbox 3189 3670 3368 3741; x_wconf 86' lang='lat' dir='ltr'><strong>nunc</strong></span> <span class='ocrx_word' id='word_1_391' title='bbox 3405 3673 3669 3764; x_wconf 83' lang='lat' dir='ltr'><strong>paucis,</strong></span> <span class='ocrx_word' id='word_1_392' title='bbox 3695 3670 3846 3743; x_wconf 81' lang='lat' dir='ltr'><strong>unde</strong></span> 
     </span>
     <span class='ocr_line' id='line_1_34' title="bbox 931 3760 3843 3867; baseline 0.002 -33"><span class='ocrx_word' id='word_1_393' title='bbox 931 3782 1114 3836; x_wconf 83' lang='lat' dir='ltr'><strong>tanta</strong></span> <span class='ocrx_word' id='word_1_394' title='bbox 1148 3765 1519 3859; x_wconf 88' lang='lat' dir='ltr'><strong>linguarum</strong></span> <span class='ocrx_word' id='word_1_395' title='bbox 1544 3817 1570 3853; x_wconf 91' lang='lat'><strong>,</strong></span> <span class='ocrx_word' id='word_1_396' title='bbox 1626 3790 1780 3860; x_wconf 87' lang='lat' dir='ltr'><strong>quae</strong></span> <span class='ocrx_word' id='word_1_397' title='bbox 1824 3766 1894 3836; x_wconf 89' lang='lat' dir='ltr'><strong>in</strong></span> <span class='ocrx_word' id='word_1_398' title='bbox 1947 3766 2111 3838; x_wconf 90' lang='lat' dir='ltr'><strong>orbe</strong></span> <span class='ocrx_word' id='word_1_399' title='bbox 2138 3763 2396 3837; x_wconf 86' lang='lat' dir='ltr'><strong>auditur</strong></span> <span class='ocrx_word' id='word_1_400' title='bbox 2427 3812 2451 3850; x_wconf 91' lang='lat'><strong>,</strong></span> <span class='ocrx_word' id='word_1_401' title='bbox 2497 3764 2775 3836; x_wconf 78' lang='lat' dir='ltr'><strong>varietas</strong></span> <span class='ocrx_word' id='word_1_402' title='bbox 2798 3760 3117 3857; x_wconf 83' lang='lat' dir='ltr'><strong>originem</strong></span> <span class='ocrx_word' id='word_1_403' title='bbox 3144 3768 3416 3867; x_wconf 76' lang='lat' dir='ltr'><strong>traxerit</strong></span> <span class='ocrx_word' id='word_1_404' title='bbox 3434 3819 3461 3856; x_wconf 92' lang='lat'><strong>,</strong></span> <span class='ocrx_word' id='word_1_405' title='bbox 3507 3790 3843 3865; x_wconf 83' lang='lat' dir='ltr'><strong>exponam.</strong></span> 
     </span>
    </p>
   </div>
   <div class='ocr_carea' id='block_1_6' title="bbox 920 3911 3948 4624">
    <p class='ocr_par' dir='ltr' id='par_1_6' title="bbox 920 3911 3948 4624">
     <span class='ocr_line' id='line_1_35' title="bbox 1130 3911 3849 4011; baseline 0 -23"><span class='ocrx_word' id='word_1_406' title='bbox 1130 3917 1488 3991; x_wconf 86' lang='lat' dir='ltr'><strong>Enimvero</strong></span> <span class='ocrx_word' id='word_1_407' title='bbox 1537 3918 1743 4011; x_wconf 69' lang='lat' dir='ltr'><strong>quam</strong></span> <span class='ocrx_word' id='word_1_408' title='bbox 1774 3917 1889 3989; x_wconf 87' lang='lat' dir='ltr'><strong>diu</strong></span> <span class='ocrx_word' id='word_1_409' title='bbox 1922 3911 2220 3987; x_wconf 88' lang='lat' dir='ltr'><strong>homines</strong></span> <span class='ocrx_word' id='word_1_410' title='bbox 2239 3916 2309 3986; x_wconf 91' lang='lat' dir='ltr'><strong>in</strong></span> <span class='ocrx_word' id='word_1_411' title='bbox 2332 3938 2466 3985; x_wconf 90' lang='lat' dir='ltr'><strong>una</strong></span> <span class='ocrx_word' id='word_1_412' title='bbox 2491 3915 2735 3989; x_wconf 82' lang='lat' dir='ltr'><strong>telluris</strong></span> <span class='ocrx_word' id='word_1_413' title='bbox 2774 3931 2960 4011; x_wconf 85' lang='lat' dir='ltr'><strong>parte</strong></span> <span class='ocrx_word' id='word_1_414' title='bbox 3008 3942 3238 3991; x_wconf 88' lang='lat' dir='ltr'><strong>omnes</strong></span> <span class='ocrx_word' id='word_1_415' title='bbox 3264 3917 3646 3993; x_wconf 82' lang='lat' dir='ltr'><strong>manserunt</strong></span> <span class='ocrx_word' id='word_1_416' title='bbox 3665 3968 3689 4004; x_wconf 90' lang='lat'><strong>,</strong></span> <span class='ocrx_word' id='word_1_417' title='bbox 3729 3939 3849 3988; x_wconf 82' lang='lat' dir='ltr'><strong>una</strong></span> 
     </span>
     <span class='ocr_line' id='line_1_36' title="bbox 950 4010 3846 4106; baseline 0 -21"><span class='ocrx_word' id='word_1_418' title='bbox 950 4033 1150 4105; x_wconf 71' lang='lat' dir='ltr'><strong>atque</strong></span> <span class='ocrx_word' id='word_1_419' title='bbox 1176 4019 1404 4089; x_wconf 87' lang='lat' dir='ltr'><strong>eadem</strong></span> <span class='ocrx_word' id='word_1_420' title='bbox 1443 4013 1753 4089; x_wconf 88' lang='lat' dir='ltr'><strong>omnibus</strong></span> <span class='ocrx_word' id='word_1_421' title='bbox 1776 4015 1995 4106; x_wconf 87' lang='lat' dir='ltr'><strong>lingua</strong></span> <span class='ocrx_word' id='word_1_422' title='bbox 2026 4010 2153 4083; x_wconf 89' lang='lat' dir='ltr'><strong>fuit</strong></span> <span class='ocrx_word' id='word_1_423' title='bbox 2175 4040 2199 4093; x_wconf 84' lang='lat'><strong>,-</strong></span> <span class='ocrx_word' id='word_1_424' title='bbox 2232 4035 2641 4106; x_wconf 83' lang='lat' dir='ltr'><strong>quaecunque</strong></span> <span class='ocrx_word' id='word_1_425' title='bbox 2662 4014 2844 4086; x_wconf 88' lang='lat' dir='ltr'><strong>enim</strong></span> <span class='ocrx_word' id='word_1_426' title='bbox 2871 4039 3048 4088; x_wconf 83' lang='lat' dir='ltr'><strong>nova</strong></span> <span class='ocrx_word' id='word_1_427' title='bbox 3076 4016 3398 4090; x_wconf 69' lang='lat' dir='ltr'><strong>vocabula</strong></span> <span class='ocrx_word' id='word_1_428' title='bbox 3420 4016 3846 4101; x_wconf 81' lang='lat' dir='ltr'><strong>instituerunt,</strong></span> 
     </span>
     <span class='ocr_line' id='line_1_37' title="bbox 933 4108 3845 4210; baseline -0.001 -24"><span class='ocrx_word' id='word_1_429' title='bbox 933 4122 1279 4186; x_wconf 81' lang='lat' dir='ltr'><strong>communi</strong></span> <span class='ocrx_word' id='word_1_430' title='bbox 1325 4115 1629 4187; x_wconf 82' lang='lat' dir='ltr'><strong>omnium</strong></span> <span class='ocrx_word' id='word_1_431' title='bbox 1653 4111 1965 4186; x_wconf 88' lang='lat' dir='ltr'><strong>consensu</strong></span> <span class='ocrx_word' id='word_1_432' title='bbox 2015 4108 2285 4182; x_wconf 87' lang='lat' dir='ltr'><strong>fuerunt</strong></span> <span class='ocrx_word' id='word_1_433' title='bbox 2315 4131 2596 4204; x_wconf 85' lang='lat' dir='ltr'><strong>recepta.</strong></span> <span class='ocrx_word' id='word_1_434' title='bbox 2668 4115 2759 4185; x_wconf 85' lang='lat' dir='ltr'><strong>At</strong></span> <span class='ocrx_word' id='word_1_435' title='bbox 2779 4114 2945 4185; x_wconf 78' lang='lat' dir='ltr'><strong>vero</strong></span> <span class='ocrx_word' id='word_1_436' title='bbox 2969 4164 2995 4201; x_wconf 93' lang='lat'><strong>,</strong></span> <span class='ocrx_word' id='word_1_437' title='bbox 3030 4118 3522 4210; x_wconf 79' lang='lat' dir='ltr'><strong>quamprimum</strong></span> <span class='ocrx_word' id='word_1_438' title='bbox 3551 4117 3626 4188; x_wconf 88' lang='lat' dir='ltr'><strong>in</strong></span> <span class='ocrx_word' id='word_1_439' title='bbox 3651 4117 3845 4187; x_wconf 84' lang='lat' dir='ltr'><strong>diver-</strong></span> 
     </span>
     <span class='ocr_line' id='line_1_38' title="bbox 920 4204 3948 4308; baseline 0.001 -27"><span class='ocrx_word' id='word_1_440' title='bbox 920 4204 1029 4281; x_wconf 63' lang='lat' dir='ltr'><strong>‘sas</strong></span> <span class='ocrx_word' id='word_1_441' title='bbox 1067 4231 1284 4304; x_wconf 86' lang='lat' dir='ltr'><strong>partes</strong></span> <span class='ocrx_word' id='word_1_442' title='bbox 1310 4210 1661 4285; x_wconf 86' lang='lat' dir='ltr'><strong>abiverunt</strong></span> <span class='ocrx_word' id='word_1_443' title='bbox 1688 4261 1711 4296; x_wconf 97' lang='lat'><strong>,</strong></span> <span class='ocrx_word' id='word_1_444' title='bbox 1735 4229 1931 4304; x_wconf 88' lang='lat' dir='ltr'><strong>atque</strong></span> <span class='ocrx_word' id='word_1_445' title='bbox 1964 4209 2076 4281; x_wconf 78' lang='lat' dir='ltr'><strong>‘alii</strong></span> <span class='ocrx_word' id='word_1_446' title='bbox 2107 4206 2194 4282; x_wconf 93' lang='lat' dir='ltr'><strong>ab</strong></span> <span class='ocrx_word' id='word_1_447' title='bbox 2235 4209 2514 4281; x_wconf 87' lang='lat' dir='ltr'><strong>aliorum</strong></span> <span class='ocrx_word' id='word_1_448' title='bbox 2564 4206 2631 4282; x_wconf 89' lang='lat' dir='ltr'><strong>se</strong></span> <span class='ocrx_word' id='word_1_449' title='bbox 2653 4208 2980 4289; x_wconf 85' lang='lat' dir='ltr'><strong>consortio</strong></span> <span class='ocrx_word' id='word_1_450' title='bbox 3027 4210 3447 4307; x_wconf 80' lang='lat' dir='ltr'><strong>segregarunt</strong></span> <span class='ocrx_word' id='word_1_451' title='bbox 3466 4232 3520 4299; x_wconf 70' lang='lat'><strong>,²</strong></span> <span class='ocrx_word' id='word_1_452' title='bbox 3543 4212 3848 4308; x_wconf 84' lang='lat' dir='ltr'><strong>paulatim</strong></span> <span class='ocrx_word' id='word_1_453' title='bbox 3923 4238 3948 4273; x_wconf 78' lang='grc' dir='ltr'><strong>ο</strong></span> 
     </span>
     <span class='ocr_line' id='line_1_39' title="bbox 946 4304 3853 4404; baseline 0.001 -25"><span class='ocrx_word' id='word_1_454' title='bbox 946 4307 1227 4382; x_wconf 64' lang='lat' dir='ltr'><strong>divertas</strong></span> <span class='ocrx_word' id='word_1_455' title='bbox 1248 4310 1495 4404; x_wconf 83' lang='lat' dir='ltr'><strong>linguas</strong></span> <span class='ocrx_word' id='word_1_456' title='bbox 1521 4306 1793 4383; x_wconf 74' lang='lat' dir='ltr'><strong>extitifl&#39;e</strong></span> <span class='ocrx_word' id='word_1_457' title='bbox 1819 4359 1841 4395; x_wconf 92' lang='lat'><strong>,</strong></span> <span class='ocrx_word' id='word_1_458' title='bbox 1870 4304 2110 4381; x_wconf 83' lang='lat' dir='ltr'><strong>neceffe</strong></span> <span class='ocrx_word' id='word_1_459' title='bbox 2151 4304 2296 4380; x_wconf 89' lang='lat' dir='ltr'><strong>fuit.</strong></span> <span class='ocrx_word' id='word_1_460' title='bbox 2370 4307 2545 4380; x_wconf 88' lang='lat' dir='ltr'><strong>Cum</strong></span> <span class='ocrx_word' id='word_1_461' title='bbox 2582 4309 2760 4380; x_wconf 88' lang='lat' dir='ltr'><strong>enim</strong></span> <span class='ocrx_word' id='word_1_462' title='bbox 2801 4311 3151 4384; x_wconf 84' lang='lat' dir='ltr'><strong>nominum</strong></span> <span class='ocrx_word' id='word_1_463' title='bbox 3188 4311 3507 4386; x_wconf 80' lang='lat' dir='ltr'><strong>institutio</strong></span> <span class='ocrx_word' id='word_1_464' title='bbox 3529 4310 3622 4385; x_wconf 86' lang='lat' dir='ltr'><strong>ab</strong></span> <span class='ocrx_word' id='word_1_465' title='bbox 3654 4308 3853 4383; x_wconf 88' lang='lat' dir='ltr'><strong>homi-</strong></span> 
     </span>
     <span class='ocr_line' id='line_1_40' title="bbox 947 4404 3849 4508; baseline -0.001 -28"><span class='ocrx_word' id='word_1_466' title='bbox 947 4428 1116 4480; x_wconf 89' lang='lat' dir='ltr'><strong>num</strong></span> <span class='ocrx_word' id='word_1_467' title='bbox 1142 4404 1346 4482; x_wconf 87' lang='lat' dir='ltr'><strong>libera</strong></span> <span class='ocrx_word' id='word_1_468' title='bbox 1372 4409 1715 4482; x_wconf 65' lang='lat' dir='ltr'><strong>voluntate</strong></span> <span class='ocrx_word' id='word_1_469' title='bbox 1765 4408 2126 4491; x_wconf 84' lang='lat' dir='ltr'><strong>dependeat</strong></span> <span class='ocrx_word' id='word_1_470' title='bbox 2145 4457 2170 4494; x_wconf 89' lang='lat'><strong>,</strong></span> <span class='ocrx_word' id='word_1_471' title='bbox 2218 4411 2348 4501; x_wconf 69' lang='lat' dir='ltr'><strong>qua</strong></span> <span class='ocrx_word' id='word_1_472' title='bbox 2387 4405 2546 4478; x_wconf 89' lang='lat' dir='ltr'><strong>nihil</strong></span> <span class='ocrx_word' id='word_1_473' title='bbox 2606 4405 2698 4478; x_wconf 86' lang='lat' dir='ltr'><strong>est</strong></span> <span class='ocrx_word' id='word_1_474' title='bbox 2758 4404 3148 4482; x_wconf 85' lang='lat' dir='ltr'><strong>mutabilius</strong></span> <span class='ocrx_word' id='word_1_475' title='bbox 3182 4412 3261 4483; x_wconf 82' lang='lat' dir='ltr'><strong>ac</strong></span> <span class='ocrx_word' id='word_1_476' title='bbox 3299 4411 3508 4508; x_wconf 84' lang='lat' dir='ltr'><strong>magis</strong></span> <span class='ocrx_word' id='word_1_477' title='bbox 3549 4412 3849 4483; x_wconf 81' lang='lat' dir='ltr'><strong>varium:</strong></span> 
     </span>
     <span class='ocr_line' id='line_1_41' title="bbox 938 4500 3856 4624; baseline -0.002 -43"><span class='ocrx_word' id='word_1_478' title='bbox 938 4530 1080 4581; x_wconf 89' lang='lat' dir='ltr'><strong>non</strong></span> <span class='ocrx_word' id='word_1_479' title='bbox 1120 4505 1376 4600; x_wconf 85' lang='lat' dir='ltr'><strong>poffunt</strong></span> <span class='ocrx_word' id='word_1_480' title='bbox 1408 4533 1547 4582; x_wconf 87' lang='lat' dir='ltr'><strong>non</strong></span> <span class='ocrx_word' id='word_1_481' title='bbox 1610 4508 1854 4602; x_wconf 81' lang='lat' dir='ltr'><strong>linguae</strong></span> <span class='ocrx_word' id='word_1_482' title='bbox 1895 4508 2061 4580; x_wconf 84' lang='lat' dir='ltr'><strong>inter</strong></span> <span class='ocrx_word' id='word_1_483' title='bbox 2085 4530 2197 4577; x_wconf 90' lang='lat' dir='ltr'><strong>eos</strong></span> <span class='ocrx_word' id='word_1_484' title='bbox 2221 4556 2245 4591; x_wconf 95' lang='lat'><strong>,</strong></span> <span class='ocrx_word' id='word_1_485' title='bbox 2289 4504 2403 4598; x_wconf 87' lang='lat' dir='ltr'><strong>qui</strong></span> <span class='ocrx_word' id='word_1_486' title='bbox 2458 4503 2542 4576; x_wconf 90' lang='lat' dir='ltr'><strong>de</strong></span> <span class='ocrx_word' id='word_1_487' title='bbox 2577 4500 2955 4576; x_wconf 89' lang='lat' dir='ltr'><strong>nominibus</strong></span> <span class='ocrx_word' id='word_1_488' title='bbox 2995 4507 3408 4624; x_wconf 75' lang='lat' dir='ltr'><strong>imponendis</strong></span> <span class='ocrx_word' id='word_1_489' title='bbox 3457 4531 3730 4604; x_wconf 77' lang='lat' dir='ltr'><strong>propter</strong></span> <span class='ocrx_word' id='word_1_490' title='bbox 3766 4507 3856 4576; x_wconf 88' lang='lat' dir='ltr'><strong>lo-</strong></span> 
     </span>
    </p>
   </div>
   <div class='ocr_carea' id='block_1_7' title="bbox 941 4599 3886 4800">
    <p class='ocr_par' dir='ltr' id='par_1_7' title="bbox 941 4599 3886 4800">
     <span class='ocr_line' id='line_1_42' title="bbox 941 4599 3852 4775; baseline 0.001 -97"><span class='ocrx_word' id='word_1_491' title='bbox 941 4628 1179 4678; x_wconf 78' lang='lat' dir='ltr'><strong>corum</strong></span> <span class='ocrx_word' id='word_1_492' title='bbox 1207 4608 1565 4685; x_wconf 76' lang='lat' dir='ltr'><strong>intervalla</strong></span> <span class='ocrx_word' id='word_1_493' title='bbox 1589 4609 1940 4684; x_wconf 78' lang='lat' dir='ltr'><strong>convenite</strong></span> <span class='ocrx_word' id='word_1_494' title='bbox 1977 4628 2117 4707; x_wconf 83' lang='lat' dir='ltr'><strong>non</strong></span> <span class='ocrx_word' id='word_1_495' title='bbox 2161 4599 2425 4698; x_wconf 80' lang='lat' dir='ltr'><strong>poffunt</strong></span> <span class='ocrx_word' id='word_1_496' title='bbox 2444 4649 2472 4690; x_wconf 90' lang='lat'><strong>,</strong></span> <span class='ocrx_word' id='word_1_497' title='bbox 2550 4602 2917 4677; x_wconf 87' lang='lat' dir='ltr'><strong>admodum</strong></span> <span class='ocrx_word' id='word_1_498' title='bbox 2955 4628 3227 4680; x_wconf 70' lang='lat' dir='ltr'><strong>variare.</strong></span> <span class='ocrx_word' id='word_1_499' title='bbox 3346 4606 3426 4681; x_wconf 92' lang='lat' dir='ltr'><strong>Id</strong></span> <span class='ocrx_word' id='word_1_500' title='bbox 3484 4607 3668 4705; x_wconf 87' lang='lat' dir='ltr'><strong>quod</strong></span> <span class='ocrx_word' id='word_1_501' title='bbox 3708 4626 3852 4775; x_wconf 58' lang='grc' dir='ltr'><strong>τιυιᾶῃ</strong></span> 
     </span>
     <span class='ocr_line' id='line_1_43' title="bbox 3618 4725 3886 4800; baseline -0.004 -25"><span class='ocrx_word' id='word_1_502' title='bbox 3618 4729 3709 4800; x_wconf 88' lang='lat' dir='ltr'><strong>po</strong></span> <span class='ocrx_word' id='word_1_503' title='bbox 3809 4725 3886 4777; x_wconf 71' lang='grc' dir='ltr'>ι-.·</span> 
     </span>
    </p>
   </div>
   <div class='ocr_carea' id='block_1_8' title="bbox 4103 2 4117 1304">
    <p class='ocr_par' dir='ltr' id='par_1_8' title="bbox 4103 2 4117 1304">
     <span class='ocr_line' id='line_1_44' title="bbox 4103 2 4117 1304; baseline 0 0"><span class='ocrx_word' id='word_1_504' title='bbox 4103 2 4117 1304; x_wconf 95' lang='lat' dir='ltr'><strong> </strong></span> 
     </span>
    </p>
   </div>
   <div class='ocr_carea' id='block_1_9' title="bbox 4089 1579 4131 5637">
    <p class='ocr_par' dir='ltr' id='par_1_9' title="bbox 4089 1579 4131 5637">
     <span class='ocr_line' id='line_1_45' title="bbox 4089 1579 4131 5637; baseline 0 0"><span class='ocrx_word' id='word_1_505' title='bbox 4089 1579 4131 5637; x_wconf 95' lang='lat' dir='ltr'><strong> </strong></span> 
     </span>
    </p>
   </div>
  </div>
 </body>
</html>
