4188 5670
1239 308 1951 382 Exls‘ren‘rrn
2068 307 2266 381 Dssr
2395 296 2404 305 ’
2829 306 2832 311 ’
3096 327 3237 402 277

326 494 581 588 genum.
687 491 835 563 Imo
893 489 1102 560 utitur
1150 487 1337 558 Deus
1374 486 1585 580 impiis
1626 485 1721 556 his
1752 535 1774 570 ‚
1832 482 1915 554 ad
1954 483 2320 576 puniendos
2367 485 2528 557 alios
2571 534 2596 572 ‚
2669 509 2958 581 quorum
3013 486 3242 579 impie-

323 612 418 664 tas
456 587 827 664 mensuram
879 583 1058 657 suam
1088 585 1505 678 ‘complevit3
1576 604 1651 656 ut
1691 578 1891 655 Persis
1939 583 2087 655 usus
2139 581 2230 655 est
2265 635 2290 671 ‚
2345 585 2430 656 ad
2475 586 2841 677 puniendos
2888 585 3238 658 Chaldaeos

324 691 385 760 &
428 688 762 781 Affyri053
811 685 1063 757 Graecis
1109 685 1190 754 ad
1236 683 1601 776 puniendos
1667 680 1880 753 Persas
1916 706 1936 758 3
1999 683 2319 755 Romanis
2366 682 2449 754 ad
2497 683 2863 776 puniendos
2905 683 3233 766 Graecos3

324 784 615 860 barbaris
650 786 864 857 omnis
909 781 1160 876 generis
1218 780 1299 851 ad
1336 781 1703 874 puniendos
1750 780 2111 852 Romanos.

511 924 732 996 Docet
797 943 918 992 nos
981 942 1244 1013 quoque
1308 921 1453 991 haec
1531 918 1661 990 Dei
1731 917 2153 991 Providentia
2178 965 2203 1003 ,
2265 918 2653 1012 temporalia
2710 913 2891 991 bona
2928 940 3066 991 non
3112 919 3230 994 este

324 1025 546 1117 magni
580 1020 926 1102 facienda,
988 1036 1066 1088 ut
1108 1042 1258 1111 quae
1308 1015 1498 1088 bonis
1538 1018 1602 1087 &
1653 1017 1833 1088 malis
1877 1015 2026 1088 sunt
2073 1020 2455 1090 communia
2505 1045 2525 1096 ;
2576 1019 2716 1089 imo
2777 1013 3014 1109 quibus
3060 1018 3228 1113 saepe

324 1123 483 1191 mali
526 1123 735 1213 magis
784 1112 1174 1201 abundant,
1224 1138 1423 1209 quam
1485 1112 1662 1187 boni.
1774 1114 2078 1202 Deinde,
2131 1132 2374 1208 quanta
2433 1112 2561 1187 sint
2606 1113 2783 1188 bona
2801 1156 2828 1201 >‚
2870 1139 3022 1207 quae
3049 1119 3230 1191 Deus

321 1217 457 1290 iuis
501 1211 855 1289 cultoribus
908 1210 1219 1305 promifit.
1323 1215 1390 1307 Si
1441 1214 1611 1286 enim
1661 1213 1933 1284 inimicis
1984 1211 2112 1285 suis
2147 1261 2171 1299 ‚
2245 1215 2358 1307 qui
2407 1211 2618 1307 ipsum
2678 1209 2923 1284 affidue
2985 1216 3233 1308 injuriis

315 1312 628 1401 ¹afficiunt
680 1365 705 1401 ,
790 1307 1019 1384 tribuit
1094 1310 1208 1383 ista
1252 1311 1636 1404 temporalia
1673 1361 1697 1397 ‚
1778 1334 1931 1402 quae
1984 1311 2207 1383 multis
2274 1311 2439 1384 adeo
2493 1313 2799 1383 videntur
2853 1307 3231 1400 splendidas

325 1413 542 1505 qualia
607 1415 671 1483 &
716 1426 960 1503 quanta
998 1406 1150 1503 sunt
1186 1434 1263 1483 ea
1287 1458 1311 1496 ,
1347 1433 1502 1503 quae
1546 1408 1669 1482 suis
1722 1409 1942 1481 amicis
1997 1411 2060 1481 δι
2101 1403 2250 1481 filiis
2300 1428 2452 1483 toto
2495 1410 2687 1483 corde
2732 1407 2944 1503 ipsum
3023 1414 3239 1485 colen-

327 1509 507 1585 tibus
548 1505 960 1603 conservabit
1009 1503 1045 1577 ,⁹

378 1750 391 1756 -
545 1660 875 1754 Imprimis
906 1658 1071 1730 vero
1111 1657 1263 1729 hinc
1298 1653 1596 1730 discimus
1652 1708 1676 1746 ‚
1728 1660 2206 1755 expec'tandam
2266 1659 2410 1754 post
2468 1681 2752 1734 mortem
2802 1663 3068 1735 alteram
3122 1655 3241 1731 effe

328 1762 582 1845 vitam,
630 1756 747 1830 ubi
786 1758 969 1828 Deus
1017 1751 1453 1827 retributurus
1509 1752 1589 1829 fit
1638 1761 1989 1851 unicuique
2050 1756 2402 1831 secundum
2461 1780 2659 1852 opera
2701 1757 2809 1830 sua
2847 1790 2873 1843 ‚-
2923 1761 3087 1830 hanc
3145 1759 3241 1828 vi-
3285 1758 3292 1767 '

329 1876 471 1931 tam
517 1854 634 1927 effe
681 1858 895 1928 vitam
938 1850 1343 1947 probationis
1390 1855 1455 1924 &
1508 1862 1712 1927 vitam
1769 1864 2083 1928 viatorum
2129 1887 2158 1939 ς
2223 1856 2488 1929 alteram
2566 1854 2684 1930 esse
2749 1865 2949 1930 vitam
3014 1862 3246 1949 pramii

332 1954 425 2041 ἓξ
468 1977 698 2046 poerae3
747 1956 886 2024 imo
934 1954 1101 2022 hanc
1139 1951 1296 2021 nihil
1342 1948 1461 2023 effe
1494 2002 1517 2040 ,
1560 1949 1611 2022 sn
1658 1972 2069 2048 comparetur
2119 1977 2280 2027 cum
2363 1955 2582 2034 al't'era.
2687 1956 2774 2029 Et
2821 1954 3248 2051 quemadmo-

327 2055 499 2125 dum
551 2054 884 2146 affliHiones
921 2050 1183 2141 piorum
1244 2072 1380 2120 non
1424 2052 1830 2141 comparanda
1863 2052 2020 2142 sunt
2082 2076 2225 2125 cum
2282 2055 2518 2148 futura
2597 2055 2853 2147 ipsorum
2890 2054 3196 2148 felicitate
3219 2082 3244 2134 ‚-

329 2151 431 2221 ita
484 2145 759 2221 viciflim
802 2148 1162 2238 impiorum
1213 2146 1583 2238 voluptates
1633 2155 1697 2221 δι
1767 2152 2116 2224 commoda
2184 2152 2567 2246 temporalia
2625 2151 3062 2246 comparanda
3116 2173 3253 2222 non

331 2244 459 2319 effe
476 2298 501 2334 ‚
540 2270 691 2317 cum
733 2245 953 2349 futura
996 2267 1231 2323 eorum
1280 2244 1546 2316 miseria.

526 2405 629 2477 Ex
669 2402 906 2499 quibus
947 2403 1255 2478 omnibus
1302 2424 1514 2499 patet,
1563 2405 1743 2499 hanc·
1780 2406 2265 2481 Providentiam
2285 2454 2309 2492 ,
2354 2431 2507 2505 quae
2544 2425 2794 2479 tantam
2827 2398 3259 2498 perturbatio-

333 2524 497 2575 nem
564 2504 633 2575 in
685 2503 878 2576 rebus
906 2505 1203 2575 humanis
1250 2503 1509 2575 videtur
1564 2506 1980 2595 permittere,
2021 2524 2101 2576 ut
2160 2504 2418 2574 nullum
2467 2501 2635 2597 saepe
2693 2505 2763 2574 in
2811 2505 2931 2574 hae
2979 2500 3121 2571 vita
3144 2495 3262 2571 ob-

336 2597 636 2670 servetur
675 2600 1014 2672 discrimen
1053 2602 1219 2671 inter
1274 2599 1475 2691 justos
1526 2602 1589 2671 &
1658 2601 1933 2691 injustos
1976 2627 1997 2680 3
2050 2604 2189 2672 imo
2236 2602 2332 2672 his
2394 2624 2595 2692 quam
2659 2601 2777 2672 illis
2852 2597 3083 2669 melius
3146 2591 3265 2666 effe

330 2697 646 2766 videatur
677 2745 700 2779 ,
756 2693 1223 2787 sapientiffimis
1264 2695 1669 2787 optimisque!
1690 2695 2055 2769 rationibus
2107 2693 2228 2767 effe
2278 2693 2644 2768 subnixam.
2747 2695 2867 2768 lna
2916 2693 3092 2766 enim
3158 2716 3267 2786 ap-

332 2816 580 2886 parens
626 2788 1036 2884 perturbatio
1095 2790 1185 2864 est
1224 2793 1594 2885 temporalis
1621 2843 1643 2877 ‚
1693 2791 2065 2868 breviffima
2091 2797 2158 2867 ἃ
2181 2789 2360 2885 quast
2401 2813 2904 2876 monzentanea3
2950 2787 3265 2888 brevique

334 2910 590 2962 aeterna
644 2890 875 2976 ἕυΊαξίφ
913 2889 1449 2962 commutabitur.
1559 2891 1713 2964 Hoc
1743 2895 1857 2984 qui
1897 2889 2260 2966 considerat
2301 2917 2434 2963 non
2466 2893 2675 2966 solum
2730 2895 2849 2965 hac
2892 2891 3110 2963 rerum
3135 2893 3265 2961 hu-

342 3009 684 3059 manarum
745 2988 1099 3078 jadatione
1140 3013 1276 3059 non
1372 2981 1745 3061 offendetur
1775 3043 1799 3079 ,
1861 2991 1968 3063 sed
2017 2987 2442 3062 admirabitur
2503 2995 2567 3064 ἃ
2617 2988 2925 3065 ·1audabit
2959 2987 3265 3062 divinam

338 3086 830 3160 Providentiam
864 3131 887 3171 ,
943 3109 1098 3177 quae
1142 3107 1278 3160 tam
1328 3084 1592 3180 sapienti
1646 3087 1913 3163 oonsilio
1965 3088 2145 3162 illam
2185 3088 2526 3181 permittit.
2813 3081 2818 3088 ’

1416 3428 1994 3511 CAPUT
2138 3427 2252 3508 X.

350 3641 714 3766 Qomodo
755 3640 1141 3752 existentia
1203 3639 1367 3725 Dei
1418 3668 1528 3722 ex
1567 3650 1829 3729 variis
1843 3698 1866 3741 ‚
1921 3668 2075 3751 quae
2108 3653 2186 3726 in
2240 3639 2314 3720 S.
2353 3639 2740 3753 Scriptura
2767 3646 3220 3727 continentur
3235 3697 3261 3741 ‚

1217 3755 1673 3869 demotstrart
1708 3755 1916 3874 poffit
1937 3815 1962 3862 ,
2007 3755 2259 3871 ‹stend1
2268 3775 2423 3837 tur.
2455 3783 2464 3792 ·

361 4023 617 4199 Hls
670 4022 1034 4101 rationibus
1069 4050 1196 4119 pro
1253 4025 1582 4104 existentia
1632 4033 1941 4105 Numinis
2001 4032 2152 4103 addi
2201 4022 2462 4124 poffunt
2504 4023 2712 4098 multa
2760 4048 2844 4097 ex
2887 4024 2950 4099 S.
2981 4027 3264 4120 Scriptu-

611 4150 680 4197 ra
719 4127 935 4218 petita.
1014 4125 1333 4215 Equidem
1388 4124 1620 4201 scimus
1652 4180 1675 4215 ,
1725 4150 1952 4202 contra
1997 4129 2222 4201 atheos
2259 4150 2398 4200 non
2432 4122 2865 4217 pugnandum
2922 4127 3265 4197 auctorita·
3315 4110 3360 4190 ⁸.
3407 4163 3415 4171 ·
3470 4135 3478 4142 '

356 4241 424 4295 te
459 4224 523 4316 S.
573 4224 952 4316 Script'urae.
1030 4223 1153 4295 Sed
1192 4225 1297 4295 hic
1337 4224 1734 4321 Scripturam
1763 4229 1828 4300 S.
1873 4223 2347 4299 consideramus
2373 4273 2398 4311 ‚
2451 4243 2529 4293 ut
2568 4222 2769 4293 alium
2826 4216 3070 4296 librum
3098 4247 3119 4299 3
3143 4224 3263 4312 qui

359 4321 573 4392 multa
611 4318 780 4391 facta
821 4322 1108 4392 continet
1131 4371 1154 4406 ,
1210 4322 1290 4393 de
1330 4346 1613 4413 quorum
1660 4326 1935 4397 veritate
1980 4320 2267 4396 dubitari
2311 4346 2448 4394 non
2487 4318 2715 4412 potest.
2805 4317 2883 4388 E.
2915 4345 2980 4414 g.
3043 4314 3093 4386 si
3147 4319 3267 4384 mi-

360 4417 581 4489 racula
634 4419 696 4490 S.
752 4417 1099 4509 Scripturae
1123 4443 1280 4491 vera
1320 4417 1470 4494 sunt
1497 4474 1519 4509 ‚
1567 4420 1711 4496 ficri
1747 4425 1971 4514 nequit
1995 4473 2019 4509 ‚
2070 4420 2234 4511 ‘quin
2275 4416 2356 4492 sit
2395 4419 2578 4489 Deus
2608 4411 2866 4504 aliquis·
2957 4411 3086 4487 Sed
3129 4427 3270 4477 non

362 4512 627 4607 POffunt
686 4539 833 4614 “non
882 4513 999 4594 effe
1048 4539 1202 4586 vera
1254 4566 1277 4602 ‚
1343 4521 1496 4609 quia
1554 4518 1686 4593 fine
1751 4545 1995 4614 magna
2046 4515 2440 4590 absurditate
2493 4534 2634 4586 non
2683 4505 2894 4600 potest
2938 4505 3139 4593 fingi»
3193 4523 3275 4567 ea

365 4613 447 4685 ad
489 4635 702 4683 unum
742 4614 962 4683 omnia
1018 4610 1138 4683 effe
1177 4609 1347 4685 fieta.
2647 4627 2656 4636 '
2925 4609 2934 4616 “

560 4714 653 4779 W
650 4704 935 4798 wenfelfii
985 4708 1279 4801 opuscula
1321 4712 1517 4787 Tom.
1544 4715 1630 4788 11.
2141 4723 2146 4728 ·
2331 4707 2405 4782 Ν
2439 4656 2488 4775 n
2793 4665 2798 4670 ⁴
3013 4677 3278 4757 Deinde
