4188 5670
910 464 1145 536 mv
1829 376 3097 530 PRAEFAT‘IO.

748 663 756 673 ·
887 627 1230 770 Opera
1265 615 1548 727 latino
1568 610 1990 759 strmone
2032 645 2433 725 exarata
2457 687 2486 730 ³
2537 654 2939 768 quorum
2949 612 3386 770 pleraque
3390 659 3612 762 jam
3637 613 3839 726 olim

917 811 1099 882 non
1136 770 1360 908 {tam
1416 763 1653 876 Orbi
1706 769 2109 877 Erudito
2146 841 2177 883 ³
2257 808 2553 920 quam
2602 771 2705 875 in
2749 762 3391 1022 Studiosorum
3420 774 3840 922 gratiam

881 920 1257 1073 stripta
1286 918 1532 1065 fient
1574 989 1607 1032 ³
1694 912 1812 1048 εἰ
1879 959 2072 1070 qua
2136 958 2383 1027 nunc
2433 915 2809 1026 AuHo'r
2837 911 3033 1063 pub
3063 921 3213 1026 ica
3283 913 3475 1028 luce
3518 921 3844 1029 donari

915 1115 1098 1183 non
1135 1065 1635 1221 prohibuit.
1787 1067 2141 1216 Pofflm
2186 1063 2425 1179 Tibi
2464 1140 2498 1184 ³
2575 1077 2950 1179 Leecor
2996 1069 3497 1190 Benevole
3524 1144 3555 1187 ³
3604 1110 3841 1181 com-

898 1219 1196 1374 plura
1235 1218 1435 1332 alia
1467 1293 1501 1337 ³
1576 1226 1938 1370 integra
1982 1225 2349 1368 partim
2398 1292 2432 1336 ³
2494 1223 2861 1367 partim
2915 1217 3477 1372 fragmenta
3555 1226 3841 1331 omnis

892 1384 1253 1529 generis
1297 1455 1321 1494 ,
1404 1413 1518 1482 ex
1552 1368 1919 1518 schedis
1996 1379 2458 1484 truncatis
2531 1364 2651 1502 (ὅ
2701 1368 3152 1523 vetustate
3213 1400 3593 1483 tantum
3666 1412 3839 1482 non

907 1523 1406 1652 obliteratis
1429 1596 1462 1642 ³
1536 1520 1959 1670 excerpta
2005 1520 2318 1632 adhuc
2378 1517 2700 1676 ‹ffrre
2721 1593 2753 1638 ³
2831 1563 3025 1676 qua
3055 1518 3404 1671 forsan
3448 1521 3842 1635 utilitate

877 1676 1291 1829 suanon
1339 1704 1749 1786 carerent
1762 1747 1795 1790 ³
1850 1668 2234 1829 aliisque
2284 1670 2623 1821 ansam
2666 1671 2894 1783 dare
2932 1670 3272 1820 pofflnt
3294 1747 3328 1791 ³
3382 1675 3493 1784 de
3535 1683 3845 1788 variis

905 1837 1476 1983 argumente?
1510 1826 1973 1978 cogitandi
2003 1899 2036 1945 ³
2118 1820 2236 1956 εἰ
2269 1825 2820 1977 industriam
2850 1831 3210 1974 pariter
3231 1867 3345 1935 ac
3380 1830 3842 1981 ingenium

905 1979 1395 2092 exercendi.
1503 1979 1688 2087 Sed
1732 1974 1946 2086 huie
1983 1971 2279 2086 labori
2298 1974 3189 2124 steperstderejuffus
3222 1972 3343 2084 ab
3389 1977 3573 2125 ipso
3619 1987 3843 2092 Au-

901 2144 1138 2242 [t'ore
1170 2204 1202 2247 ³
1274 2136 1534 2275 cujus
1593 2126 1850 2274 rffra
1900 2133 2056 2238 ari
2117 2133 2674 2239 auctoritati
2728 2166 2886 2237 nec
2950 2134 3221 2274 potui
3297 2169 3453 2240 nec
3507 2130 3782 2246 debui
3803 2179 3842 2258 ³·

608 2317 627 2345 ··
681 2396 684 2399 ,
758 2280 767 2290 ’
900 2280 1143 2429 malo
1200 2285 1350 2389 Te
1393 2281 1534 2392 ad
1576 2276 1748 2389 hac
1860 2278 2314 2433 iltgentius
2378 2275 2896 2390 evolvenda
2949 2284 3400 2391 remittere
3453 2349 3485 2398 ³
3546 2325 3843 2436 quam

821 2480 831 2489 ·
895 2426 1255 2545 diutius
1307 2435 1686 2542 morari.
1734 2431 1743 2440 ’
1850 2428 2085 2542 Vale
2127 2435 2467 2543 iterum
2491 2504 2523 2549 ³
2601 2441 2717 2543 L.
2767 2441 2876 2541 Β.
3032 2426 3554 2542 Scribebam
3628 2445 3843 2548 Ba-

892 2583 1095 2701 sileae
1135 2584 1341 2734 ipsis
1398 2578 1823 2749 Calendek
1880 2585 2327 2695 Martiis·
2341 2657 2379 2704 ³
2452 2587 2731 2697 Anni
2797 2625 2883 2695 M
2901 2625 2969 2692 1>
2994 2625 3058 2692 c
3080 2619 3139 2690 c
3159 2628 3231 2698 Χ
3250 2627 3321 2696 Χ
3342 2627 3411 2697 Χ
3435 2630 3472 2695 1
3492 2630 3595 2700 x.
