4188 5670
911 350 1056 409 202
1419 322 1961 418 JUDICIUM
2032 336 2158 395 uz
2236 317 2639 397 Ancum·
2720 302 3246 401 Cum-neu

769 558 774 565 -
907 527 1197 588 mentem
1240 504 1486 577 realiter
1531 527 1668 577 non
1712 503 1963 576 existat.
2050 499 2177 575 Sed
2245 526 2588 605 nunquam
2628 501 2925 600 separant
2962 507 3353 599 Exnssentiam
3414 502 3504 579 ab
3570 508 3833 606 Effeatis

903 608 1172 701 ejusdem
1205 611 1437 700 generis
1461 632 1485 678 a
1533 604 1924 697 Exfflentiasn
1956 601 2090 675 vid.
2137 601 2494 689 objeaeivasn
2507 653 2532 692 ,
2584 599 2671 674 ab
2704 602 2965 699 Effintia
3013 606 3305 691 objeffiva
3329 654 3355 692 ,
3419 605 3823 699 Existentiam

899 712 1125 787 realem
1165 703 1252 779 ab
1297 700 1556 797 Effi‘ntia
1605 703 1793 779 reali,
1831 703 1875 774 i.
1917 726 1972 774 e.
2010 724 2147 772 non
2188 698 2517 789 statuunt,
2560 725 2703 775 rem
2738 702 3022 796 aliquam
3044 703 3329 792 objeaeive
3353 704 3422 775 iu
3451 724 3679 781 mente
3715 706 3824 803 ff

893 814 1002 886 hoc
1036 811 1239 898 potius
1277 825 1476 896 quam
1511 800 1669 873 illud
1688 848 1712 887 ,
1764 804 1828 874 &
1873 796 1968 872 ibi
2006 799 2296 888 objeiiive
2340 825 2477 874 non
2498 795 2766 895 exiliere,
2799 824 2916 874 aut
2936 826 3078 881 rem
3117 806 3404 897 aliquam
3422 821 3613 878 extra
3644 830 3828 880 men.

895 929 1037 984 tem
1079 903 1326 977 realiter
1372 896 1482 994 effe
1530 898 1635 973 hoc
1684 898 1853 997 quod
1897 897 1988 971 est
2009 949 2037 989 ,
2093 900 2160 971 δι
2210 923 2349 971 non
2401 901 2649 973 realiter
2698 903 2960 992 exzssere.
3754 942 3761 947 -

1093 1034 1302 1137 Quod
1354 1042 1405 1118 fi
1452 1045 1650 1139 igitur
1702 1045 1806 1117 hic
1853 1048 2067 1140 aliqua
2112 1045 2280 1117 inter
2337 1046 2558 1119 Deum
2603 1049 2670 1120 &
2713 1070 2814 1118 res
2885 1052 3129 1121 creatas
3176 1042 3328 1119 ess‘et
3401 1040 3769 1119 differentia
3800 1096 3822 1130 ‚

897 1149 964 1221 in
990 1146 1117 1218 hoc
1149 1145 1299 1219 effet
1324 1195 1349 1232 ,
1388 1144 1570 1238 quod
1604 1138 2006 1238 Effintia'Dei
2043 1143 2338 1232 objei‘liva
2374 1144 2444 1215 in
2468 1164 2689 1217 mente
2734 1140 3078 1235 cujuslibet
3125 1143 3206 1216 de
3244 1145 3439 1219 DEO
3473 1146 3825 1240 cogitantis

896 1243 1185 1317 includat
1228 1247 1618 1338 Emstentiam
1672 1266 1811 1312 non
1859 1244 2063 1316 modo
2103 1241 2460 1331 objet‘iivam
2497 1294 2520 1330 ‚
2577 1240 2683 1314 sed
2718 1248 2844 1315 Exi
2881 1248 3107 1316 entiam
3145 1243 3364 1315 realem
3397 1244 3822 1341 &fannalem.

904 1344 1116 1434 Quod
1143 1392 1168 1429 ‚
1222 1360 1300 1416 ut
1341 1342 1502 1414 mihi
1549 1341 1813 1432 quidem
1854 1343 2115 1415 videtur
2164 1392 2189 1427 ,
2218 1364 2416 1412 nemo
2469 1340 2743 1429 dixerit,
2824 1365 2847 1414 1
2896 1340 3101 1413 modo
3144 1340 3230 1413 ad
3286 1339 3538 1413 sensum
3583 1339 3825 1415 horum

899 1439 1261 1514 verborum
1312 1430 1605 1513 attendit.
1675 1440 1830 1514 Hoc
1879 1442 2055 1515 enim
2102 1437 2254 1513 efl'et
2294 1440 2504 1511 dicere
2526 1490 2552 1526 ,
2613 1440 2885 1515 Duum
2929 1440 3001 1513 in
3043 1459 3265 1513 mente
3308 1441 3661 1536 cogitantis
3696 1463 3827 1512 non

902 1558 1168 1612 tanturn
1216 1536 1658 1631 repraesentari
1725 1561 1805 1612 ut
1854 1539 2236 1613 existentem
2265 1589 2288 1625 ‚
2346 1537 2455 1611 sed
2500 1538 2776 1613 DEUM
2833 1535 3047 1631 ipsum
3074 1539 3430 1633 formaliter
3474 1541 3547 1611 in
3608 1559 3827 1615 mente

904 1636 1172 1707 existere
1191 1687 1215 1722 ‚
1270 1637 1339 1708 D
1356 1659 1394 1710 a
1411 1660 1566 1731 lque
1620 1637 1843 1712 Ideam
1893 1640 1959 1713 D
1980 1659 2023 1713 Ε
2042 1662 2092 1714 u
2117 1660 2179 1711 Μ
2230 1637 2299 1709 in
2357 1633 2418 1708 se
2454 1636 2810 1731 formaliter
2842 1634 3223 1709 existentem
3246 1636 3590 1727 jincludere
3610 1665 3641 1721 ‚-
3695 1661 3828 1732 quo

901 1732 1115 1807 nescio
1146 1758 1232 1807 an
1286 1738 1637 1830 quicquam
1689 1735 2026 1811 absurdius
2069 1736 2195 1809 dici
2224 1730 2442 1829 poffit.
2496 1733 2967 1811 concludimus
3010 1735 3197 1825 hinc,
3249 1737 3643 1829 &firmina
3694 1759 3828 1809 non

902 1830 1031 1902 alio
1085 1833 1288 1906 modo
1333 1836 1653 1928 pertinere
1699 1835 1781 1909 ad
1822 1834 2147 1932 Effintiam
2206 1834 2371 1924 Dei,
2433 1859 2636 1927 quam
2686 1833 2774 1907 ad
2816 1831 3166 1930 §Efflntiam
3230 1834 3504 1909 aliarum
3561 1858 3824 1913 rerutm

898 1951 1138 2024 nempe
1189 1932 1271 2004 ad
1326 1932 1645 2030 Effentiam
1679 1935 1821 2015 ,Dm
1866 1933 2221 2023 objeeiivam
2244 1932 2564 2029 pertinere
2608 1935 2997 2026 inllentiam
3042 1931 3401 2018 ehje-&ivam
3426 1984 3452 2020 ,
3502 1931 3586 2005 ad
3640 1930 3826 2028 Effin-

898 2033 1055 2101 tiam
1094 2031 1312 2103 realem
1357 2031 1420 2103 δι
1453 2034 1831 2128 formalem,
1886 2036 2259 2129 existentiam
2286 2029 2549 2123 eiusdem
2582 2037 2830 2129 generis.
2913 2033 3217 2126 Cumque
3251 2031 3418 2109 adeo
3456 2031 3560 2107 hic
3611 2031 3821 2105 diver·

891 2119 1053 2209 ‚sitas
1093 2129 1261 2203 inter
1309 2129 1583 2206 Dauni
1631 2134 1695 2206 &
1739 2158 1840 2205 res
1880 2132 2032 2204 alias
2087 2128 2171 2207 fit
2209 2130 2438 2217 nulla,
2494 2128 2911 2205 manifestum
2946 2128 3051 2213 ‚est
3072 2128 3375 2216 ,nullam
3398 2153 3667 2226 quoque
3711 2124 3824 2203 effe

900 2223 1071 2296 hane
1111 2230 1436 2301 rationem
1463 2282 1487 2316 ‚
1534 2253 1733 2322 quam
1790 2230 2001 2303 reddit
2045 2227 2406 2313 emenus,
2465 2254 2667 2322 quare
2733 2229 2883 2300 huic
2943 2224 3427 2324 propositioni:
3490 2235 3710 2301 Totum
3751 2230 3824 2317 est

899 2325 1098 2412 majus
1127 2326 1253 2417 sua
1271 2345 1480 2418 parte,
1519 2326 1854 2400 intellectis
1876 2329 2216 2413 terminis,
2263 2323 2474 2397 statim
2519 2322 2928 2398 assentiamur
2954 2375 2979 2412 ,
3012 2351 3152 2397 non
3182 2327 3343 2399 item
3358 2326 3557 2403 *huict
3599 2331 3828 2401 DEUS

897 2425 1119 2516 exiliit.
1196 2420 1497 2500 Caufl'am
1551 2449 1814 2518 quoque
1841 2476 1864 2512 ‚
1927 2449 2128 2519 quare
2189 2416 2461 2497 Cartefii
2512 2442 2938 2519 argumentmn
2980 2427 3020 2495 ci
3058 2430 3290 2517 priori,
3344 2423 3665 2519 plerisque
3712 2426 3820 2497 ho-

892 2519 1186 2604 minibus
1211 2529 1408 2616 prima
1449 2526 1633 2616 specie
1665 2524 1958 2618 sophisma
2003 2523 2298 2597 videatur
2322 2572 2346 2611 ,
2395 2546 2533 2594 uon
2571 2517 2690 2595 effe
2716 2522 2880 2594 hanc
2903 2546 3104 2616 quam
3133 2523 3395 2601 adducit
3428 2518 3581 2602 3sed
3605 2548 3822 2597 veram

898 2617 1156 2693 fortaffe
1182 2623 1373 2719 hujus
1401 2619 1681 2697 cauffam
1729 2620 1849 2696 effe
1872 2671 1897 2708 ‚
1959 2622 2278 2716 quoniam
2309 2618 2507 2729 reapfi·
2519 2619 2814 2717 sophisma
2841 2624 2960 2717 est:
3005 2621 3187 2717 quod
3221 2640 3299 2699 ut
3330 2642 3635 2717 appareat
3658 2671 3689 2709 ‚
3726 2626 3822 2719 ip-

898 2716 1045 2793 sum
1072 2745 1247 2801 nunc
1280 2743 1740 2815 argumentum
1768 2721 2194 2801 excutiemus,
2330 2808 2335 2815 Ι

1242 2880 1729 2968 Argumentum
1804 2881 1877 2951 in
1922 2876 2137 2952 forma
2176 2878 2306 2952 hoe
2353 2876 2490 2952 est:

1006 3016 1193 3112 Qod
1220 3023 1378 3094 clare
1428 3021 1520 3108 ἓξ
1555 3026 1821 3116 ᾰιζβίηθε
1842 3032 2132 3120 percipio,
2178 3036 2244 3101 in
2297 3027 2442 3102 Idea
2465 3026 2727 3116 alicujus
2760 3033 2851 3140 rei
2875 3083 2879 3087 -
2907 3053 2975 3106 co
2989 3034 3214 3102 minari
3232 3074 3251 3109 ‚
3304 3030 3381 3103 id
3413 3029 3492 3102 de
3520 3029 3632 3102 illa
3668 3023 3827 3118 reas.

996 3224 1093 3294 At
1127 3121 1984 3315 σῖανξηέἔῖἰζέιῗιζιιᾶζὲοηεὶγίσ
1999 3274 2022 3310 ,
2070 3230 2139 3295 in
2174 3222 2318 3296 Idea
2345 3228 2468 3296 Dei
2492 3229 2784 3298 contineri
2821 3225 3197 3316 existentiam
3223 3224 3623 3323 neceff'anarn.

1004 3325 1154 3420 Erga
1177 3370 1203 3414 ,
1248 3322 1575 3410 Exilientia
1640 3320 1957 3414 neoeffaria
2006 3322 2081 3396 de
2136 3330 2266 3401 Deo
2316 3324 2395 3418 est
2445 3320 2803 3414 affinnanda
2830 3371 2855 3411 ,
2901 3343 3023 3399 aut
3038 3375 3063 3415 ,
3111 3326 3280 3428 quod
3347 3325 3548 3402 eodem
3617 3324 3775 3400 redit
3787 3370 3813 3410 ‚

1245 3425 1420 3492 Deus
1468 3415 1777 3513 neceffirrio
1824 3423 2043 3518 existit.

907 3565 1124 3653 Major
1166 3566 1526 3662 propositio
1576 3567 1667 3645 est
1711 3594 1924 3646 canon
1970 3564 2362 3645 indubitatae
2406 3570 2697 3645 veritatis
2734 3618 2758 3655 ‚
2820 3569 2964 3643 imo
3009 3570 3249 3644 veritas
3310 3568 3453 3663 ejus
3491 3564 3585 3641 est
3629 3561 3822 3639 funda

905 3684 1213 3737 mentum
1242 3672 1456 3740 omnis
1489 3669 1874 3766 cognitionis
1917 3667 2338 3766 Metapbyficae
2404 3671 2469 3742 &
2506 3665 2962 3742 Mathematicae
3005 3698 3032 3753 ‚-
3085 3670 3297 3743 omnis
3341 3668 3516 3741 enim
3546 3660 3833 3754 cognitio

906 3765 1023 3837 ista
1045 3768 1276 3838 nititur
1311 3768 1585 3840 veritate
1617 3765 2035 3838 axiomatum
2084 3789 2196 3855 per
2243 3765 2307 3839 se
2340 3787 2674 3842 notorum.
2752 3764 3185 3842 Axiomatum
3221 3786 3446 3841 autem
3491 3764 3834 3836 veritatem

904 3887 1046 3935 non
1105 3864 1367 3937 aliunde
1420 3861 1871 3958 cognoscimus
1897 3905 1922 3945 ,
1985 3857 2109 3930 nifi
2158 3863 2340 3954 quod
2386 3864 2552 3938 clere
2605 3864 2999 3955 percipimus
3022 3866 3422 3966 praedicatum
3461 3861 3725 3935 illorum
3769 3857 3838 3928 in

777 4003 782 4008 ·
906 3960 1039 4055 ipsa
1064 3960 1327 4050 subjec‘ii
1380 3949 1535 4035 Idea
1571 3961 1904 4033 contineri.
1981 3956 2179 4030 Valet
2229 3959 2332 4031 hic
2374 3981 2586 4033 canon
2626 3961 2703 4034 de
2738 3963 3012 4035 onznibus
3057 3964 3212 4037 Ideis
3234 4014 3260 4052 ‚
3313 3982 3726 4057 quaecunque
3770 3957 3837 4026 in

909 4080 1129 4136 mente
1173 4057 1438 4149 concipi
1460 4055 1721 4150 poffnnt
1745 4109 1772 4144 ,
1823 4054 1956 4131 five
2008 4055 2265 4151 aliquid.
2318 4050 2399 4131 fit
2450 4079 2636 4136 extra
2679 4080 3009 4149 mentem,
3079 4062 3259 4157 quod
3291 4063 3367 4134 iis
3408 4058 3790 4153 respondeat
3812 4104 3839 4141 ,

906 4155 1044 4258 five
1099 4151 1426 4236 nibil‚'fit;
1484 4152 1620 4234 five
1673 4153 1799 4230 fint
1835 4157 2081 4243 innatae
2132 4152 2266 4230 five
2306 4153 2684 4253 acquisitae,
2711 4153 2846 4252 five
2878 4156 3189 4255 {implices
3233 4157 3370 4233 five
3414 4152 3840 4254 compostae,

907 4254 1044 4332 five
1075 4254 1579 4340 fundamentum
1657 4257 1727 4328 in
1777 4253 1972 4330 reb'us
2023 4252 2309 4331 habeant
2338 4307 2363 4342 ,
2424 4253 2558 4336 five
2603 4258 2686 4330 ad
2728 4255 3012 4333 lubitum
3052 4249 3180 4333 {int
3225 4256 3552 4336 oonfietae.
3616 4254 3844 4354 ‚AEque

910 4362 1087 4431 enim
1132 4361 1390 4429 certu'm
1447 4356 1570 4444 est,
1621 4352 2091 4432 affirmandum
2136 4352 2257 4431 effe
2320 4356 2402 4431 de
2450 4357 2677 4451 Palatio
2737 4355 3163 4445 adamantino,
3206 4358 3514 4453 quicquid
3569 4356 3637 4427 in
3688 4351 3843 4426 Idea

875 4453 1128 4554 'palatii
1166 4457 1562 4534 adamantini
1600 4457 2013 4544 continetur,
2061 4479 2140 4528 ac
2190 4475 2445 4529 certum
2473 4453 2565 4526 est
2598 4493 2623 4540 ·‚
2683 4448 3151 4529 affirmandum
3197 4453 3316 4530 effe
3357 4459 3439 4530 de
3479 4452 3785 4550 triangulo
3812 4499 3838 4537 ,

893 4550 1089 4651 ‘quod
1133 4559 1506 4633 continetur
1551 4559 1622 4630 in
1661 4557 1805 4632 idea
1855 4553 2239 4648 Trianguli=
2284 4555 2464 4627 unde
2515 4577 2654 4624 non
2699 4553 2917 4625 minus
2953 4577 3127 4629 certa
3158 4555 3247 4629 est
3268 4558 3415 4629 haec
3437 4550 3837 4650 propoiitio:

907 4651 1218 4738 Palatium
1261 4659 1723 4739 adamantinum
1772 4659 1852 4751 est
1890 4654 2171 4742 darum,-
2221 4673 2421 4753 atque
2493 4653 2638 4727 haec
2675 4678 2695 4723 ε
2758 4657 3161 4754 Triangulum
3204 4654 3388 4730 habet
3428 4674 3551 4728 tres
3595 4650 3841 4822 angulos

1008 4769 1016 4782 '
1805 4775 1814 4786 ’
3582 4779 3759 4849 aequa
3784 4772 3844 4822 es
