4188 5670
997 308 1144 401 *161
1791 327 1798 333 ·
2052 301 2892 382 Memfim*-

985 488 1266 580 punsta‚
1313 484 1508 560 lineoe
1537 534 1562 572 ‚
1611 481 1973 580 superficies
1999 534 2024 572 ,
2071 486 2312 559 dantur
2351 514 2375 568 3
2410 483 2519 561 sed
2552 486 2624 561 in
2683 502 2955 579 corpore
3002 496 3197 556 erunt
3239 473 3600 555 indefinitae
3657 475 3923 576 fiaperfi.

985 585 1160 663 cies3
1211 585 1279 655 in
1354 579 1691 678 superficie
1736 583 2099 658 indefinitae
2146 585 2343 656 lineae
2411 612 2436 667 3
2495 586 2565 656 in
2590 582 2786 655 'linea
2825 577 3166 655 indefinita
3219 581 3482 672 puncta.
3611 580 3917 666 Quantus

985 681 1190 774 igitur
1245 686 1644 775 punctorum
1688 683 1810 755 erit
1852 679 1988 756 five
2047 703 2431 757 atomorum
2481 685 2551 754 in
2615 703 2890 774 corpore
2932 673 3231 771 quolibet
3278 699 3591 748 numerus
3634 674 3670 747 ἓ
3707 702 3917 771 neque

979 780 1162 850 enim
1215 774 1457 852 sufficit
1487 780 1625 871 jam
1675 781 1998 873 amplius,
2055 799 2136 853 ut
2178 799 2373 870 ante,
2440 775 2859 852 indefinitum
2900 776 3128 848 dicere.
3204 774 3413 859 Sane,
3453 770 3501 842 fi
3531 773 3625 844 ita
3677 775 3914 868 placet,

984 876 1054 946 in
1105 874 1436 969 posterum
1483 903 1620 950 non
1677 879 1958 973 amplius
2014 879 2306 951 dicemus
2324 924 2348 964 ‚
2398 874 2766 951 indefinitas
2809 875 2880 946 in
2949 894 3221 966 corpore
3263 866 3384 940 effe
3425 890 3686 943 atomos
3726 921 3754 959 ‚
3805 894 3914 945 aut

982 991 1289 1045 atomum
1327 973 1692 1068 quamlibet
1739 995 1989 1069 partem
2052 976 2341 1071 corporis
2390 970 2974 1048 indefinitesimam.
3082 970 3464 1080 Loquemur
3513 970 3910 1053 accuratius,-

984 1069 1451 1162 appellabimus
1518 1092 1820 1145 atomum
1881 1093 2137 1168 partem
2224 1072 2514 1169 corporis
2591 1068 2985 1142 indefinities
3046 1065 3438 1153 indefimties
3494 1060 3909 1180 indefiniteli.

985 1190 1202 1251 mam3
1258 1170 1589 1255 dicemus,
1630 1169 2018 1244 indefinities
2075 1167 2467 1243 indefinities
2532 1164 2898 1240 indefinitas
2954 1188 3238 1237 numero
3283 1182 3545 1235 atomos
3588 1187 3659 1233 in
3704 1167 3909 1255 quoli-

986 1259 1105 1335 bet
1138 1290 1409 1358 corpore
1455 1248 1593 1340 effiz.
1684 1268 1923 1362 Neque
1976 1268 2340 1342 verendum
2396 1263 2589 1339 nobis
2639 1262 2773 1351 est,
2832 1288 2916 1335 ne
2974 1262 3244 1335 tandem
3300 1259 3384 1332 ad
3430 1257 3772 1332 infinitum
3812 1288 3906 1337 ac·

984 1360 1343 1433 cedamus:
1406 1362 1739 1439 infinitum
1784 1367 1963 1439 enim
2011 1367 2377 1438 etiamnum
2428 1361 2515 1435 ab
2576 1386 2659 1434 eo
2709 1358 3036 1433 absumus.
3138 1359 3382 1450 Neque
3427 1358 3628 1429 etiam
3648 1406 3673 1444 ,
3739 1384 3885 1433 cum

588 1444 716 1507 ‘'³⁶¹-
742 1436 927 1518 ἠ’-Μ
986 1457 1077 1528 ita
1123 1458 1454 1552 loquimur
1475 1513 1499 1549 ‚
1561 1460 1902 1535 nobiscum
1949 1483 2340 1558 pugnamus.
2448 1459 2662 1549 Quod
2706 1454 2756 1530 fi
2814 1460 2992 1531 enim
3040 1473 3363 1551 repugnat
3406 1478 3774 1528 numerum
3814 1459 3903 1532 in·

591 1528 746 1587 Vni.

983 1552 1245 1628 finitum
1283 1559 1571 1652 augeri,
1615 1561 2028 1653 multiplicari
2055 1610 2082 1646 ‚
2122 1561 2337 1653 plures
2396 1581 2705 1630 numeros
2748 1554 3040 1630 infinitos
3085 1551 3206 1628 effe
3248 1549 3472 1647 pofl‘e;
3525 1577 3669 1625 non
3725 1555 3898 1627 idem

983 1652 1351 1726 dicendum
1389 1656 1480 1728 est
1532 1657 1613 1739 de
1660 1655 2004 1732 indefinito
2054 1707 2080 1745 ‚
2135 1678 2212 1730 ut
2259 1682 2343 1729 ex
2379 1658 2719 1749 utriusque
2783 1653 3165 1727 definitione
3219 1652 3424 1725 cuivis
3490 1649 3893 1743 perspicuum

981 1747 1101 1821 effe
1153 1752 1380 1846 potest.
1490 1755 1564 1826 N
1568 1779 1657 1825 on
1701 1776 2021 1850 repugnat
2043 1805 2068 1842 ,
2120 1778 2473 1831 numerum
2497 1749 2918 1825 indefinitum
2946 1751 3297 1845 duplicari,
3345 1748 3704 1842 triplicari,
3748 1776 3895 1843 qua-

879 1896 886 1904 ·
977 1846 1367 1941 (implicari,
1412 1849 1952 1946 indefinitiplicari
1987 1904 2013 1941 ‚
2063 1851 2452 1926 indefinities
2499 1848 3039 1943 indefinitiplicari
3067 1899 3090 1935 ‚
3122 1849 3303 1920 &ita
3335 1850 3404 1919 in
3432 1845 3885 1920 indefinitum:

976 1964 1060 2018 ut
1104 1951 1210 2020 vel
1249 1951 1401 2021 hinc
1443 1951 1645 2025 videri
1703 1948 1904 2043 poffit
1925 2001 1949 2038 ,
1994 1970 2398 2044 quantopere
2451 1945 2537 2021 ab
2582 1946 2842 2021 infinito
2881 1950 3161 2019 numero
3206 1941 3518 2018 diffideat.
3613 1947 3889 2018 Atomus

971 2036 1109 2114 five
1157 2051 1482 2140 punctum
1524 2046 1615 2119 est
1655 2046 1908 2121 minimi
1938 2049 2296 2143 corpusculi
2318 2073 2464 2136 pars
2494 2043 2878 2120 indefinities
2904 2041 3289 2118 indefinities
3337 2040 3884 2118 indefinitefima:

971 2136 1081 2210 sed
1128 2145 1358 2216 eadem
1389 2162 1669 2235 ,atomus
1721 2170 1865 2239 pars
1913 2143 2332 2220 infinitefima
2374 2145 2466 2218 est
2491 2195 2517 2232 ‚
2580 2170 2717 2217 non
2764 2146 2958 2236 hujus
3002 2141 3405 2239 corpusculi,
3452 2165 3590 2214 non
3630 2142 3878 2227 mundi,

971 2237 1228 2310 tametsi
1279 2229 1666 2313 indefinities
1713 2244 1923 2335 major
1961 2241 2116 2316 ‘eflet
2146 2294 2171 2331 ,
2216 2268 2418 2338 quam
2467 2268 2695 2316 revera
2734 2242 2823 2331 est
2869 2272 2894 2325 ,-
2935 2240 3042 2313 sed
3103 2242 3318 2313 omnis
3363 2241 3637 2312 omniuo
3658 2289 3687 2326 ,
3738 2264 3879 2333 quae
3962 2268 3997 2287 ··

968 2331 1170 2426 usque
1214 2340 1280 2409 &
1318 2334 1524 2429 usque
1560 2340 1626 2410 δε
1677 2338 1804 2412 effe
1833 2345 1898 2413 &
1973 2344 2226 2433 concipi
2268 2339 2483 2434 potest
2524 2390 2547 2426 ‚
2596 2338 3002 2439 extensionis.
3104 2340 3233 2411 Sed
3279 2360 3502 2411 tamen
3536 2388 3563 2424 ‚
3615 2363 3700 2410 ne
3745 2339 3878 2430 quis
3982 2364 3988 2373 ·

967 2432 1053 2505 ad
1107 2436 1220 2506 has
1269 2450 1705 2510 numerorum
1738 2435 2229 2511 indefinitorum
2274 2435 2971 2530 indefinitiplicationes
3013 2436 3421 2509 exhorrescat
3450 2488 3472 2522 ‚
3506 2437 3872 2528 loquemur,

970 2547 1050 2615 ut
1090 2551 1242 2605 ante
1277 2534 1481 2608 locuti
1524 2532 1742 2609 sumus
1780 2575 1817 2622 s,
1868 2556 2066 2629 atque
2124 2561 2262 2608 uno
2297 2534 2594 2632 indq‘initi
2647 2537 2916 2607 nomine
2982 2535 3490 2629 complectemur
3526 2530 3874 2627 quemlibet

961 2651 1325 2707 numerum
1354 2683 1381 2721 ‚
1445 2636 1680 2728 quovis
1705 2685 1729 2722 ,
1788 2635 1901 2726 qui
1944 2638 1981 2703 a
2023 2653 2252 2712 mente
2291 2628 2476 2705 finita
2512 2632 2808 2726 cognosci
2852 2633 3065 2727 potest
3112 2683 3136 2720 ,
3184 2634 3506 2723 majorem
3547 2652 3573 2715 3
3619 2626 3872 2703 tametsi

974 2719 1029 2796 is
1067 2729 1225 2800 alios
1267 2728 1465 2824 atque
1515 2733 1678 2805 adeo
1728 2729 2101 2805 indefinitos
2158 2729 2531 2824 hujusmodi
2571 2730 2879 2804 numeros
2911 2731 3432 2827 comprehendat.
3587 2827 3592 2831 .

1167 2828 1241 2901 Χ
1270 2830 1393 2902 XI
1428 2829 1514 2902 V.
1559 2831 1766 2920 Nunc
1800 2831 2082 2904 redimus
2131 2830 2214 2903 ad
2273 2827 2634 2926 superficies
2683 2831 2972 2903 &lineas
3016 2882 3041 2917 ,
3089 2855 3248 2923 quas
3286 2855 3407 2901 nos
3443 2841 3467 2916 3
3538 2853 3762 2901 revera
3804 2828 3870 2901 in

965 2948 1198 2996 rerum
1244 2946 1476 2999 natura
1529 2926 1647 2999 elle
1671 2979 1697 3017 ‚
1741 2928 2029 3022 plerique
2062 2978 2085 3014 ‚
2126 2928 2257 3000 sola
2295 2930 2687 3021 cogitatione
2743 2930 2780 2998 ὲ
2834 2925 3217 3021 corporibus
3263 2926 3591 3011 abstrahi,
3626 2928 3865 2998 dicunt.

888 3054 897 3066 ·
972 3020 1330 3094 Enimvero
1375 3022 1624 3117 semper
1668 3025 2143 3110 animadverti,
2173 3022 2434 3096 difficile
2487 3025 2664 3096 dictu
2703 3023 2823 3096 effe
2853 3074 2877 3111 ‚
2911 3027 2994 3097 ad
3054 3027 3232 3119 quod
3267 3023 3712 3097 abstractionis
3753 3049 3867 3118 ge-

974 3143 1099 3189 nus
1148 3121 1293 3191 haec
1334 3117 1415 3191 fit
1470 3118 1836 3201 referenda3
1887 3124 1952 3192 ἃ
1995 3120 2315 3207 memini,
2351 3122 2525 3193 viros
2566 3145 2880 3215 perquam
2931 3142 3157 3195 acutos
3207 3121 3432 3209 fateri,
3493 3121 3555 3193 se
3596 3118 3865 3193 similem

970 3217 1122 3288 huic
1168 3214 1663 3290 abstractionem
1720 3220 1794 3291 in
1825 3218 1962 3289 aliis
1987 3243 2124 3290 non
2157 3218 2432 3310 reperire
2469 3247 2489 3288 .·
2525 3220 2707 3310 quod
2755 3221 3105 3312 unicuique
3162 3219 3282 3292 usu
3332 3222 3550 3294 veniet
3572 3270 3598 3305 ,
3631 3216 3680 3289 fi
3706 3221 3869 3291 hanc

968 3337 1123 3386 cum
1177 3314 1312 3386 aliis
1355 3340 1729 3410 comparare
1770 3316 2070 3390 voluerit.
2193 3315 2432 3406 Novi,
2464 3318 2622 3411 quid
2674 3317 2779 3390 hic
2822 3320 3041 3391 dicant
3090 3314 3602 3414 perspicaciffimi
3626 3367 3650 3401 ‚
3710 3318 3869 3388 line-

964 3437 1074 3486 am
1125 3438 1360 3507 nempe
1404 3417 1441 3485 a
1490 3440 1761 3510 corpore
1801 3436 2022 3498 mente
2059 3412 2342 3488 abstrahi
2395 3466 2419 3503 ,
2477 3441 2632 3488 cum
2712 3441 2948 3512 corpus
2998 3435 3256 3490 tantum
3306 3413 3778 3491 consideramus
3835 3464 3863 3502 ‚

962 3527 1285 3603 quatenus
1331 3512 1604 3607 longum
1654 3513 1763 3587 est.
1866 3515 2066 3587 Linea
2116 3514 2312 3608 igitur
2371 3515 2526 3585 nihil
2584 3515 2758 3588 aliud
2806 3515 2897 3587 est
2917 3567 2943 3602 ,
2996 3539 3194 3608 quam
3239 3539 3473 3610 corpus
3540 3530 3864 3606 quatenus

966 3605 1405 3682 consideratur
1457 3613 1749 3705 longum.
1807 3611 1931 3684 Sed
1960 3637 2113 3683 cum
2131 3611 2609 3704 longitudinem
2651 3615 2937 3704 corporis
2958 3610 3359 3698 consideras,
3381 3635 3650 3707 quaero,
3678 3611 3864 3701 cujus

968 3702 1323 3778 confideres
1371 3707 1846 3802 longitudinem
1868 3756 1892 3793 ,
1935 3733 2020 3779 an
2054 3711 2244 3779 unius
2266 3710 2472 3781 lineae,
2492 3734 2575 3781 an
2599 3711 2799 3780 totius
2837 3708 3176 3804 corporis?
3220 3710 3285 3784 Si
3314 3713 3517 3783 totius
3532 3711 3863 3803 eorporis3

967 3800 1328 3875 consideras
1365 3801 1555 3876 simul
1578 3804 2049 3897 longitudinem
2066 3803 2551 3878 indefinitarum
2583 3806 2897 3879 linearum
2928 3810 3112 3894 juxta
3150 3805 3213 3880 se
3276 3804 3661 3901 positarum,
3676 3807 3862 3902 quod

964 3920 1102 3979 non
1149 3920 1337 3987 potes
1363 3951 1387 3986 ‚
1425 3904 1584 3995 quin
1627 3898 1815 3972 fimul
1853 3901 2348 3973 latitudinem&
2398 3900 2925 3995 profunditatem
2972 3907 3302 3999 corporiS,
3332 3903 3380 3977 fi
3424 3931 3562 3979 non
3601 3929 3861 3978 accura-

962 4011 1030 4074 te
1084 3997 1328 4064 metiris
1378 4044 1402 4081 ‚
1428 4005 1434 4014 “
1457 3996 1680 4068 saltem
1752 3996 2245 4090 quodammodo
2328 3995 2725 4070 confideres:
2782 4003 2962 4094 quod
3011 4000 3065 4077 fi
3110 4001 3301 4090 facis,
3341 4004 3478 4096 jam
3538 4029 3673 4075 non
3705 4028 3861 4074 am·

963 4088 1133 4183 plius
1167 4090 1403 4161 lineam
1449 4091 1828 4178 confidet-as.
1923 4096 1990 4168 Si
2039 4095 2121 4167 de
2178 4095 2368 4166 unius
2432 4115 2692 4169 tantum
2741 4097 2930 4173 lineae
2977 4100 3379 4193 longitudine
3443 4103 3512 4173 in
3574 4125 3858 4194 corpore

956 4186 1242 4280 cogitas,
1281 4188 1564 4260 redimus
1610 4190 1680 4261 in
1719 4192 2080 4264 circulum:
2129 4193 2285 4286 quid
2330 4191 2420 4265 est
2461 4195 2568 4266 illa
2604 4196 2830 4268 linea?
2868 4223 3001 4291 qua
3049 4200 3299 4271 ratione
3336 4223 3483 4271 eam
3532 4203 3570 4268 a
3621 4223 3862 4292 corpo-

947 4287 1030 4360 ’τε
1077 4282 1492 4358 abstraxisti?
1534 4290 1784 4360 Iterum
1831 4285 1883 4359 fi
1928 4291 2082 4362 dicis
2110 4340 2136 4377 ‚
2190 4315 2421 4385 corpus
2468 4291 2560 4364 est
2601 4312 2918 4387 quatenus
2952 4293 3390 4367 consideratur
3438 4314 3512 4367 ut
3541 4295 3887 4389 longum,.

958 4403 1189 4474 quaero
1243 4385 1479 4457 iterum
1500 4436 1523 4472 ,
1560 4410 1645 4459 an
1694 4388 1884 4458 unius
1930 4388 2120 4461 lineae
2145 4438 2169 4474 ‚
2210 4413 2294 4460 an
2343 4394 2546 4461 totius
2597 4393 2882 4485 corporis
2924 4394 3397 4486 longitudinem
3425 4389 3791 4467 confideres
3820 4397 3860 4467 :2

961 4480 1028 4554 Si
1084 4478 1549 4572 supervacanea
1596 4484 1741 4556 haec
1790 4483 1912 4555 tibi
1985 4487 2246 4560 ‚videtur
2292 4486 2563 4577 quaestio
2599 4536 2621 4571 ,
2687 4513 2854 4581 nego
2911 4488 3030 4562 effe
3052 4495 3078 4572 ’,ὲ
3104 4535 3113 4546 ·
3144 4489 3555 4583 potesttenim
3609 4517 3858 4585 corpus

952 4600 1036 4649 ex
1113 4575 1554 4656 diverfiffimae
1615 4581 2067 4674 longitudinis
2116 4582 2327 4683 ,lineis
2374 4585 2438 4655 &
2476 4580 2771 4675 partibus
2821 4587 3107 4660 constare
3134 4638 3160 4674 ,
3209 4590 3428 4682 ita-ut
3477 4586 3663 4661 alibi*
3703 4589 3854 4702 lon-

3699 4711 3853 4780 gius
