4188 5670
361 410 518 480 rw-
1215 372 1248 418 ·.
1327 390 1364 418 ;.
1443 306 2119 419 3ΤῙΗι-ξῑξῖῑ
2340 358 2347 366 ’
2470 351 2483 416 2
3147 342 3289 419 ¹49

561 496 717 577 111.
781 504 872 579 At
913 498 966 575 {i
1005 493 1219 593 figura
1247 496 1321 570 3⁶
1356 486 1548 575 ‚finis
1577 487 1718 567 five
1771 494 2151 570 extremitas
2196 496 3009 598 corporisdistinguuntur,
3056 502 3302 602 separa·

362 598 421 673 ri
447 615 672 674 tamen
706 623 844 675 non
890 598 1168 696 poflunt.
1205 595 1338 695 „Ut
1357 593 1533 667 enim
1545 584 1752 666 finem
1776 593 2064 689 sequitur
2114 590 2353 690 figura,
2399 599 2489 672 ita
2540 595 2754 693 figura
2795 601 3001 677 finem
3065 631 3298 702 corpo-

357 701 447 769 ris
485 700 774 794 requirit.
878 691 1168 776 Tametsi
1194 688 1430 780 enim‘,
1488 716 1644 767 cum
1692 695 1951 789 corpori
1981 693 2374 769 extrinsecus
2402 697 2551 770 aliae
2597 719 2812 793 partes
2844 703 3134 797 undique
3185 730 3293 779 ac·

345 793 653 871 crescunt
677 850 702 885 ,
749 800 1035 894 partium
1058 847 1083 882 ‚
1121 819 1277 887 quae
1303 793 1530 878 [modo
1563 811 1879 865 extremae
1937 791 2120 867 fuere
2147 845 2173 883 ,
2227 791 2386 869 fitus
2434 796 2634 893 juxta·
2674 795 2737 869 se
2799 802 2863 872 &
2928 819 3145 893 partes
3187 804 3285 877 in-

350 897 624 985 teriores
665 894 843 969 idem
888 912 1198 975 maneat3
1239 890 1342 964 hic
1391 912 1616 964 tamen
1660 885 1819 963 fitus
1861 894 2153 986 partium
2209 891 2424 989 figura
2465 920 2605 968 non
2638 896 2927 990 'amplius
2986 899 3222 973 dicitur
3249 948 3297 995 ³.

349 1015 495 1064 non
542 994 737 1066 aliam
774 992 866 1067 ob
919 989 1196 1068 cauffam
1225 1025 1254 1077 ,
1309 994 1508 1084 quam
1563 989 1713 1082 quia
1759 991 1868 1063 hae
1912 1012 2127 1085 partes
2180 1017 2321 1085 non
2358 993 2508 1066 sunt
2571 995 2853 1088 amplius
2910 1018 3226 1075 extremae
3244 1049 3271 1085 ‚

350 1088 419 1162 ἃ
458 1095 683 1186 negari
735 1118 877 1165 non
918 1090 1130 1186 potest
1153 1141 1179 1178 ‚
1229 1088 1400 1162 ultra
1450 1116 1555 1164 eas
1598 1086 1749 1158 alias
1799 1088 1884 1160 ad
1928 1114 2037 1161 cor
2086 1114 2161 1160 us
2200 1094 2596 1186 pertinentes
2644 1090 2783 1173 efle.
2848 1093 3064 1189 Atque
3124 1098 3272 1170 haec

333 1185 446 1357 fist
484 1186 702 1264 caufl'a‘
723 1241 748 1278 ‚
786 1215 987 1286 quare
1040 1184 1306 1262 infinito
1356 1185 1613 1285 corpori
1651 1236 1680 1274 ‚
1732 1183 1784 1259 fi
1833 1186 1962 1261 tale
2020 1117 2270 1287 lingere
2334 1191 2587 1280 liceret,
2633 1186 2849 1286 figura
2908 1194 3086 1267 nulla
3152 1197 3267 1269 tri-

386 1307 675 1360 ueretur.

481 1466 506 1473 Η
543 1386 679 1459 IV.
752 1390 994 1486 Neque
1043 1406 1266 1461 tamen
1307 1389 1497 1477 ideo,
1539 1389 1722 1485 quod
1779 1381 1993 1486 figura
2032 1387 2379 1465 infinitum
2434 1414 2670 1486 corpus
2718 1409 2966 1465 careret
2991 1442 3020 1480 ,
3063 1388 3257 1469 finito

338 1483 786 1578 imperfectius
830 1487 1003 1562 toret
1021 1538 1045 1573 ,
1090 1506 1208 1560 aut
1258 1514 1356 1561 res
1391 1490 1605 1585 aliqua
1645 1491 1716 1562 in
1758 1485 1952 1564 finito
1999 1487 2191 1613 esset,
2249 1516 2404 1583 quae
2446 1514 2581 1563 non
2616 1485 2766 1563 effet
2823 1493 2895 1561 in
2942 1487 3248 1567 infinito:

334 1582 668 1677 quidquid
723 1588 900 1659 enim
945 1588 1039 1661 rei
1086 1586 1158 1658 in
1196 1582 1409 1683 figura
1495 1587 1621 1676 est,
1676 1604 2002 1661 certarum
2032 1589 2461 1683 „quarundam
2512 1589 2798 1683 partium
2850 1584 3011 1659 fitus
3082 1590 3249 1664 inter

334 1677 406 1751 se
454 1683 522 1753 &
572 1683 725 1756 alias
760 1686 1121 1775 interiores,
1138 1685 1205 1757 id
1253 1711 1455 1763 omne
1503 1685 1657 1766 esset
1691 1688 1761 1758 in
1799 1684 2120 1775 -infinitb5
2164 1685 2539 1761 extremitas
2592 1688 2666 1758 iis
2717 1682 3014 1782 partibus
3074 1688 3247 1762 dees²

338 1775 442 1853 set
471 1829 496 1865 ‚
551 1806 706 1875 quae
742 1808 922 1857 mera
948 1784 1062 1858 .est
1107 1787 1388 1879 negatio.
1479 1786 1690 1860 Facile
1727 1782 1994 1882 pofl'um
2025 1782 2101 1858 ¹iu
2144 1785 2434 1881 corporis
2476 1779 2719 1857 infiniti
2767 1785 3071 1878 portione
3109 1811 3245 1860 cer-

334 1895 566 1951 tatum
618 1883 1032 1974 quarundam
1062 1886 1357 1978 partium
1400 1884 1567 1958 inter
1619 1884 1684 1958 se
1723 1887 1789 1958 ἃ
1842 1887 2181 1983 interiores
2225 1881 2428 1957 fitum
2462 1883 2801 1977 concipere
2826 1932 2852 1969 ‚
2880 1886 2993 1978 qui
3016 1903 3240 1957 tamen

335 1972 563 2071 figura
613 2004 753 2051 non
806 2006 842 2052 a
885 1981 1213 2073 pellatur:
1262 2007 1399 2055 non
1446 1984 1628 2078 quod
1683 1985 1756 2055 iis
1807 1982 2107 2080 pactibus
2154 1984 2353 2077 aliqui
2545 1979 2624 2054 fit
2663 1989 2707 2069 l,
2724 1976 2873 2077 4st
2921 1983 3101 2075 quod
3145 1983 3243 2056 ul-

331 2093 446 2146 tra
476 2099 581 2147 eas
632 2076 780 2150 aliae
874 2098 948 2151 nt
985 2102 1196 2174 partes
1233 2079 1314 2151 ad
1346 2082 1522 2162 idem
1541 2106 1776 2176 corpus
1817 2084 2256 2175 pertinentes.a

335 2172 567 2243 omnis
631 2174 874 2268 reliqua
930 2176 1220 2251 extenfio
1262 2183 1548 2275 corporis
1596 2178 1834 2254 infiniti
1883 2183 1948 2253 in
1993 2177 2427 2255 nihilum'ab'
2560 2231 2583 2267 ‚
2625 2197 2744 2251 aut
2781 2172 3006 2249 saltem
3047 2200 3239 2252 motu
3276 2250 3283 2261 ,

326 2265 428 2341 ab
487 2269 565 2338 iis
611 2270 1010 2346 divideretur
1038 2305 1066 2358 ,·
1111 2296 1258 2350 tum
1296 2303 1457 2351 vero
1498 2279 1604 2351 ille
1631 2281 1919 2372 partium
1965 2268 2127 2351 ἄτης
2179 2276 2394 2374 figura
2440 2277 2759 2352 diceretur
2787 2324 2814 2362 ‚
2881 2300 3021 2348 non
3059 2278 3239 2372 quod

323 2367 414 2439 iis
439 2366 803 2461 quidquam
844 2371 1184 2448 acceffisset
1207 2420 1234 2456 ,
1299 2372 1407 2471 sed
1433 2375 1745 2471 quoniam
1786 2392 1998 2471 partes
2037 2398 2360 2452 extremae
2419 2373 2617 2450 effent
2645 2427 2672 2464 ‚
2732 2373 2776 2444 i.
2825 2378 2881 2445 e.
2925 2377 3240 2467 quoniam
3320 2464 3327 2472 ε

325 2465 507 2537 ultra
563 2490 671 2538 eas
708 2469 865 2541 nihil
910 2469 1109 2559 efler',
1147 2488 1266 2544 aut
1303 2471 1527 2546 saltem
1561 2474 1718 2546 nihil
1775 2473 1861 2546 ad
1905 2474 2079 2549 idem
2134 2501 2370 2570 corpus
2406 2479 2757 2570 pertinens.
2888 2504 2891 2507 “

2566 2077 2631 2153 fi'
2668 2096 2888 2153 autem
2939 2079 3109 2152 ultra
3135 2106 3243 2155 eas

527 2564 616 2637 V.
674 2566 798 2639 His
846 2569 1227 2663 praemiffis,
1275 2570 1413 2645 duo
1464 2567 1612 2644 sunt
1659 2563 1853 2646 nobis
1905 2572 2405 2646 demonstranda
2443 2603 2466 2653 3
2506 2562 2799 2668 primum
2826 2566 2936 2665 ff
2965 2571 3239 2669 aliquam
3274 2550 3281 2559 ³
3349 2579 3355 2585 ’
3465 2548 3469 2553 ’

328 2663 553 2736 rotundi
579 2668 856 2761 figuram
880 2697 906 2751 ‚-
951 2688 1142 2757 tum,
1186 2672 1382 2770 qualis
1409 2673 1539 2745 .illa
1576 2669 1682 2761 fit.
1763 2670 1947 2743 Prius
1989 2671 2508 2743 demonstratum
2549 2672 2689 2764 jam
2747 2674 2785 2740 a
2832 2665 3025 2738 nobis
3052 2668 3163 2753 „est
3207 2719 3234 2757 ,

335 2785 489 2833 cum
534 2759 698 2837 fines
740 2768 994 2840 mundo
1030 2767 1420 2842 asseruimus.
1526 2769 1734 2857 Qod
1755 2760 1813 2839 'fi
1850 2771 2024 2839 enim
2061 2766 2224 2841 fines
2277 2768 2476 2841 habet
2504 2817 2527 2853 ,
2576 2772 2788 2861 partes
2818 2761 3088 2841 habebit
3127 2790 3269 2866 elr-r

341 2879 576 2935 tremas
612 2914 638 2951 ‚
685 2890 841 2959 quae
878 2865 997 2938 effe
1039 2893 1180 2940 non
1220 2865 1485 2961 poffunt
1517 2913 1540 2949 ‚
1587 2863 1708 2938 nisi
1752 2886 2006 2938 certum
2044 2868 2211 2962 inter
2255 2862 2321 2939 se
2374 2867 2440 2936 &
2482 2864 2633 2938 alias
2658 2866 2992 2940 interiores
3032 2864 3234 2942 fitum

340 2957 682 3034 obtineant
711 3015 733 3050 ‚
787 2988 991 3058 quam
1032 2961 1314 3061 figuram
1359 2963 1485 3061 effe
1528 2964 1833 3040 diximus.
3242 3006 3248 3010 ·

543 3060 612 3132 V
648 3062 699 3133 Ι.
788 3065 880 3136 At
925 3064 1098 3135 enim
1124 3115 1147 3152 ,
1191 3059 1281 3136 ais
1303 3116 1329 3151 ‚
1371 3059 1425 3138 fi
1463 3059 1629 3138 fines
1653 3063 1884 3138 mundi
1933 3064 2187 3160 concipi
2221 3091 2356 3139 non
2375 3061 2678 3160 'poffunu
2723 3071 2845 3138 'nec
2879 3060 3090 3162 figura
3110 3066 3233 3160 po-'
3272 3151 3279 3157 ,

335 3157 496 3228 terit
521 3209 544 3241 ,
582 3185 730 3251 quae
772 3159 936 3234 fines
982 3164 1296 3257 requirit:
1335 3189 1547 3259 neque
1587 3163 1936 3259 repetenda
1976 3163 2081 3238 h'ic
2122 3163 2213 3238 est
2251 3163 2567 3238 fastidiosa
2621 3161 2940 3237 distinctio
2968 3160 3025 3250 ,ἲ
3046 3188 3169 3234 nos
3198 3210 3228 3248 ,

336 3275 422 3334 ut
468 3251 633 3328 fines
667 3261 894 3334 mundi
941 3305 966 3346 ,
1029 3261 1124 3333 ita
1169 3260 1452 3353 ejusdem
1499 3257 1786 3356 figuram
1841 3271 2133 3356 concipere
2174 3260 2353 3358 poffe
2373 3313 2397 3350 ‚
2462 3269 2786 3359 imaginari
2834 3284 2974 3332 non
3035 3255 3230 3351 polle,

331 3352 682 3449 Negamus
731 3361 906 3436 enim
967 3354 1132 3432 fines
1177 3361 1482 3455 corporis
1529 3353 1649 3430 sub
1700 3362 2233 3452 imaginationem
2276 3360 2505 3430 cadere
2528 3408 2553 3446 ,
2614 3360 2769 3451 quia
2812 3356 3287 3454 negationem,

329 3450 680 3547 :imaginari
731 3482 867 3529 non
906 3454 1257 3552 pofl'umus.
1378 3457 1506 3530 Sed
1555 3457 1711 3553 quid
1745 3457 1777 3530 ἲ
1821 3457 2141 3529 nulliusne
2186 3458 2475 3548 corporis
2525 3451 2810 3549 figuram
2850 3448 3240 3545 imaginabt
3356 3489 3361 3494 ·

326 3573 489 3622 mur
519 3550 555 3623 ἲ
604 3554 695 3627 At
735 3555 837 3628 illa
875 3557 1140 3650 quidem
1165 3608 1191 3645 ,
1246 3573 1325 3630 ut
1366 3550 1485 3650 ipfi
1513 3551 1796 3627 fatemur
1820 3605 1845 3641 ‚
1882 3578 2047 3649 pura
2088 3554 2365 3648 negatio,
2401 3575 2539 3623 non
2594 3551 2686 3623 est
2720 3578 2738 3621 ε
2816 3551 3034 3622 immo
3071 3549 3229 3645 quid

326 3649 605 3724 tandem
645 3652 1144 3748 imaginabimur
1168 3708 1193 3744 ‚
1255 3651 1306 3728 si
1351 3678 1705 3749 corporum
1750 3650 1993 3748 figuras
2027 3676 2168 3725 non
2214 3651 2651 3744 imaginamur
2684 3647 2728 3722 ’ἓ
2788 3648 2994 3738 Quod
3019 3644 3072 3721 fi
3117 3649 3231 3723 ali-
3266 3684 3297 3748 j

323 3772 532 3842 quam
570 3753 769 3847 igitur
826 3751 1106 3825 mundns
1143 3751 1426 3856 figuram
1471 3750 1670 3826 habet
1692 3804 1715 3840 ‚
1767 3752 1986 3825 licebit
2023 3775 2170 3824 eam
2196 3750 2557 3844 imaginari.

542 3848 616 3921 V
637 3847 674 3924 I
695 3851 746 3923 Ι.
799 3852 980 3924 Licet
1029 3851 1178 3928 sane
1206 3867 1232 3941 ,'
1263 3851 1631 3950 dummodo
1663 3875 1745 3925 ne
1788 3855 1858 3946 in
1890 3850 2104 3949 figura
2128 3850 2303 3928 aliud
2326 3849 2661 3942 imaginari
2688 3843 2962 3920 velimus
2984 3898 3009 3936 ,
3038 3846 3230 3944 qaam

325 3945 518 4041 quod
567 3950 637 4021 in
677 3975 753 4022 ea
795 3950 1222 4031 reverassest3.
1250 3956 1532 4044 partium
1566 3976 1804 4047 nempe
1851 3951 2269 4049 quarundam
2316 3952 2486 4022 inter
2530 3947 2591 4021 le
2629 3952 2693 4023 &
2738 3948 3073 4021 interiores
3098 3972 3230 4021 cer-

325 4063 482 4116 tum
518 4043 717 4120 fitum
742 4078 762 4119 z
803 4069 871 4121 at
923 4043 972 4118 fi
997 4052 1143 4121 ‘una
1196 4053 1547 4122 earundem
1590 4054 2068 4125 extremitatem
2104 4049 2445 4145 imaginari
2489 4048 2764 4121 velimus
2786 4096 2811 4133 ‚
2859 4073 3012 4141 quae
3070 4045 3230 4119 nihil

325 4140 471 4216 five
502 4147 766 4241 negatio
795 4145 886 4219 est
922 4195 947 4232 ‚
997 4171 1134 4219 non
1167 4147 1334 4220 licet.
1432 4147 1750 4223 videmur
1782 4152 2046 4242 quidem
2072 4148 2266 4221 nobis
2289 4197 2313 4236 ,
2338 4172 2477 4220 non
2501 4142 2789 4220 diffiteor
2819 4196 2844 4232 ,
2884 4171 3031 4219 eam
3057 4147 3230 4217 ima-

323 4244 546 4335 ginari
577 4247 650 4316 in
691 4242 1116 4339 corporibus,
1174 4244 1489 4340 quamdiu
1531 4243 1618 4318 ab
1673 4247 1805 4319 aliis
1856 4250 2255 4342 cinguntur,-
2310 4246 2416 4318 sed
2459 4242 2761 4317 fallimur.
2817 4247 2829 4262 '
2874 4245 3046 4315 Haec
3094 4240 3231 4320 sola

320 4338 484 4413 sunt
509 4392 534 4428 ‚
585 4365 739 4437 quae
784 4344 1216 4437 imaginamur
1240 4394 1266 4431 ‚
1311 4363 1510 4436 partes
1541 4344 1819 4442 quadam
1859 4351 2109 4437 corporis
2160 4346 2474 4432 alicujus3
2524 4342 2742 4413 barum
2752 4336 2904 4429 fit&
2934 4336 3181 4425 interfi-
3199 4366 3228 4420 2·

312 4439 600 4535 spatium
658 4467 761 4512 eas
807 4443 961 4521 undi
999 4466 1079 4515 ue
1127 4449 1356 4538 cingens
1379 4492 1404 4529 ,
1450 4441 1636 4538 quod
1699 4467 2009 4535 negamus
2075 4444 2160 4514 ad
2227 4445 2356 4514 hoc
2404 4464 2638 4534 corpus
2705 4435 3024 4532 pertinere
3047 4463 3067 4503 ε
3103 4436 3232 4503 hoc

324 4565 548 4636 negare
586 4557 852 4612 tantum
910 4470 1001 4612 elz
1043 4540 1520 4612 extremitatem
1561 4541 1848 4634 partium
1891 4545 2228 4635 concipere
2254 4589 2277 4626 ,
2309 4543 2371 4612 ἃ
2407 4535 2553 4610 haec
2585 4533 2847 4643 negatio
2888 4526 3007 4600 nifi
3038 4523 3230 4611 adsit»

317 4655 542 4736 partes
581 4639 668 4719 in>
718 4659 1039 4733 conceptu
1076 4637 1295 4712 nostro
1341 4658 1662 4724 extremae
1697 4664 1835 4712 non
1862 4636 2031 4712 sunt.
2082 4729 2092 4738 ·
2136 4636 2224 4708 Et
2265 4636 2545 4716 adhanc
2575 4644 2990 4724 negationem
3019 4618 3054 4707 (
3083 4642 3248 4729 qnae·
3278 4645 3290 4652 ·

510 4741 612 4810 W
601 4733 894 4831 erenfelsii
957 4734 1252 4830 opuscula
1306 4733 1505 4809 Tom.
1561 4736 1598 4809 Ι
1617 4736 1673 4814 Ι.
2427 4730 2496 4808 V
2848 4781 2851 4784 -
3096 4733 3253 4804 1³un
