4188 5670
940 363 1079 432 104
1615 338 2102 411 Drssanr.
2170 354 2303 412 nr
2378 333 3145 437 Loeomacn‘us

1108 516 1176 589 Si
1232 536 1463 589 contra
1519 536 1775 589 certum
1827 516 1918 588 est
1941 566 1964 603 ,
2014 515 2300 609 aliquem
2341 513 2563 587 videre
2616 512 3145 608 consequentiam
3190 533 3210 578 ε
3255 523 3403 580 tum
3458 531 3618 582 vero
3664 513 3839 584 recte

917 611 1034 707 ipsi
1084 615 1440 706 imputatur
1471 664 1494 698 ‚
1535 615 1713 706 quod
1758 640 1872 709 per
1917 614 2091 686 illam
2142 638 2230 684 ex
2279 614 2423 705 ejus
2475 613 2744 685 decretis
2788 610 3215 686 concluditur.
3295 608 3575 681 Certum
3616 629 3844 682 autem

918 713 1047 782 hoc
1069 711 1166 782 est
1198 760 1221 795 ,
1265 737 1416 783 cum
1465 716 1606 804 quis
1658 734 1881 806 aperte
1907 710 2198 806 agnoscit
2224 713 2394 785 hanc
2423 707 2907 784 conclusionem
2935 759 2962 798 ,
3011 704 3228 780 verbis
3273 723 3390 777 aut
3434 705 3613 778 idem
3648 704 3845 798 figni-

879 805 1268 884 .ficantibus
1299 861 1322 896 ,
1386 830 1500 881 aut
1558 814 1761 903 praxi.
2200 855 2205 862 ·

1116 1008 1279 1093 Quo
1329 1002 1733 1098 probabilius
1798 1004 1894 1078 est
1929 1057 1954 1094 ,
2059 1007 2342 1102 aliquem
2403 1000 2927 1102 consequentiam
2980 1002 3200 1078 videre
3259 1054 3285 1094 ‚
3380 1023 3464 1075 eo
3534 998 3851 1098 probabi-

921 1103 1042 1173 lius·
1088 1104 1147 1173 ei
1203 1103 1513 1176 sententia
1551 1154 1573 1190 ,
1653 1128 1806 1196 quac
1852 1129 1936 1175 ex
1996 1106 2137 1199 ejus
2189 1100 2406 1175 verbis
2435 1104 2720 1198 sequitur
2746 1156 2769 1191 ‚
2829 1107 3208 1200 imputatur.
3315 1100 3420 1175 sic
3466 1151 3490 1188 ,
3542 1098 3599 1173 fi
3650 1121 3847 1178 oeetefl

922 1225 996 1271 ra
1043 1197 1170 1272 sint
1227 1204 1403 1292 paria
1428 1252 1451 1286 ‚
1512 1198 1916 1294 probabilius
1971 1205 2334 1297 imputatur
2388 1204 2729 1296 perspicaci
2755 1254 2780 1289 ,
2842 1227 3043 1297 quam
3103 1197 3414 1295 stupidos
3477 1200 3761 1271 immuni
3808 1206 3848 1270 a

924 1299 1315 1390 praejudiciis
1375 1302 1440 1371 ἃ
1485 1294 1831 1388 affectibus
1858 1350 1881 1386 ‚
1932 1326 2135 1393 quam
2187 1304 2247 1371 ei
2286 1346 2306 1379 ‚
2351 1303 2462 1394 qui
2522 1304 2617 1372 his
2664 1322 3029 1376 excaecatus
3076 1300 3221 1372 est:
3281 1294 3681 1393 probabilius
3735 1297 3850 1369 ali-

923 1398 1029 1466 cui
1111 1393 1473 1489 imputatur
1554 1398 1910 1469 deductum
1993 1425 2109 1494 per
2195 1396 2728 1492 consequentiam
2816 1397 3171 1473 faciliorem
3217 1449 3241 1485 ,
3337 1421 3537 1490 quam
3611 1390 3852 1468 diffici-

925 1494 1177 1564 liorem.
1319 1496 1587 1567 Contra
1639 1498 1855 1567 minus
1903 1493 2330 1590 probabiliter
2391 1497 2650 1596 stupido
2693 1549 2716 1585 ,
2794 1501 2912 1572 &c-
2992 1499 3072 1571 In
3114 1492 3569 1593 probabilibus
3620 1515 3851 1565 tamen

922 1589 1175 1685 semper
1225 1594 1447 1688 regula
1525 1592 1616 1666 est
1700 1595 2022 1676 charitatis
2088 1592 2458 1668 adhibenda
2528 1624 2547 1668 z
2643 1593 2834 1672 satius
2884 1598 3062 1671 enim
3140 1594 3233 1668 est
3275 1645 3300 1681 ,
3376 1590 3721 1686 benignius
3768 1591 3850 1663 de

927 1691 1207 1761 aliorum
1255 1688 1569 1764 sententia
1609 1690 1947 1765 sentiendo
2011 1694 2210 1765 nimis
2252 1691 2505 1767 facilem
2550 1746 2574 1783 ,
2640 1719 2839 1791 quam
2887 1747 2912 1786 ,
2995 1697 3219 1770 omnia
3268 1695 3339 1766 in
3387 1692 3684 1788 pejorem
3731 1714 3851 1784 par

925 1804 1067 1861 tem
1127 1789 1615 1883 interpretando
1659 1834 1698 1886 ῃ
1732 1793 2032 1884 iniquum
2085 1790 2223 1866 effe.

539 1948 794 2116 {giusti-st
813 2043 870 2096 in
1128 1982 1481 2061 Tutiffima
1530 2010 1758 2082 autem
1806 1990 1914 2060 via
1965 1987 2057 2060 est
2121 2040 2146 2077 ‚
2228 1993 2299 2062 in
2350 1990 2545 2066 rebus
2600 1991 2858 2066 incertis
2917 1991 2956 2062 a
3003 1989 3356 2084 judicando
3407 1983 3668 2076 prorsus
3719 1981 3851 2056 ab·

546 2119 707 2177 rebus
736 2126 819 2176 in.
938 2081 1167 2157 stinere
1213 2111 1232 2155 ε
1299 2084 1655 2177 praesertim
1708 2082 1756 2155 fi
1827 2106 2055 2158 contra
2129 2089 2285 2162 alios
2350 2092 2672 2184 judicium
2720 2089 3063 2162 ferendum
3130 2089 3222 2163 est
3268 2116 3291 2169 3
3376 2086 3665 2180 nihilque
3712 2084 3849 2157 cui-

548 2204 708 2259 cereis
730 2196 870 2271 aja.
942 2205 1142 2272 quarn
1177 2180 1463 2255 tribuere
1500 2233 1524 2269 ,
1597 2182 1778 2279 quod
1845 2209 1982 2256 non
2042 2208 2160 2259 aut
2243 2189 2459 2262 verbis
2496 2243 2521 2278 ,
2581 2212 2697 2262 aut
2743 2186 2918 2260 facto
2985 2187 3294 2281 agnoscit.
3430 2190 3587 2275 Qua
3638 2183 3711 2253 in
3776 2207 3848 2254 re

545 2280 777 2340 dicando
942 2278 1110 2350 istud
1179 2293 1299 2352 nos
1369 2303 1596 2353 cautos
1686 2282 2302 2379 circumspectosque
2374 2291 2640 2360 reddere
2726 2285 2923 2360 debet
2985 2315 3004 2356 ε
3115 2288 3296 2381 quod
3327 2335 3352 2372 ,
3425 2286 3570 2357 licet
3621 2278 3850 2353 conse-

534 2361 761 2462 Pmtsffl
940 2379 1227 2470 quentiae,
1274 2430 1299 2465 ,
1367 2377 1605 2471 quibus
1659 2380 1899 2471 aliquid
1954 2406 2039 2451 ex
2099 2382 2612 2459 adversariorum
2684 2385 3057 2457 nostrorum
3120 2385 3339 2458 verbis
3391 2377 3771 2454 deducimus
3818 2427 3844 2464 ,

807 2486 825 2509 ⁶
933 2476 1247 2568 legitimae
1336 2477 1402 2547 ἃ
1458 2501 1577 2548 nec
1614 2474 1815 2549 ffariae
1899 2475 2026 2551 sint
2074 2510 2101 2565 ‚-
2188 2508 2509 2577 magnum
2569 2503 2788 2557 tamen
2872 2485 3040 2556 inter
3112 2510 3236 2556 nos
3281 2480 3544 2575 illosque
3602 2471 3685 2545 fit
3745 2475 3847 2547 di⁴

934 2572 1207 2645 scrim'en
1250 2601 1269 2645 ε
1321 2598 1442 2645 nos
1504 2600 1540 2645 e
1591 2576 1680 2646 ‘m
1731 2576 1924 2667 longe
1987 2578 2214 2651 clarius
2260 2584 2600 2669 videmus,
2644 2583 2954 2677 quicquid
2992 2585 3147 2655 mali
3191 2585 3259 2653 in
3306 2603 3536 2653 eorum
3591 2574 3847 2666 opinio-

928 2669 1125 2745 nibus
1169 2673 1373 2761 latet,
1409 2692 1607 2769 atque
1640 2675 1731 2747 illi
1791 2674 2017 2749 vident
2040 2728 2064 2765 ,
2114 2682 2229 2775 qui
2278 2677 2512 2755 ssmiles
2571 2687 2831 2756 amatori
2885 2681 3061 2777 apud
3119 2681 3465 2765 Flaccum,
3522 2695 3721 2771 quem
3832 2687 3841 2698 ·

2091 2925 2203 2942 --
2303 2927 2412 2946 --
2544 2908 2753 2955 amtcae

1596 2978 1829 3062 Turpia
1892 2973 2199 3064 decipiunt
2259 3003 2480 3051 cacum
2526 2986 2689 3050 vitia
2739 3018 2765 3063 ‚-

925 3161 1157 3236 oculos
1227 3160 1309 3234 ad
1388 3186 1621 3236 naevos
1685 3186 1826 3238 tam
1891 3167 2106 3239 charae
2183 3165 2304 3242 sibi
2386 3168 2723 3248 sententiae
2783 3172 3100 3247 claudunt
3124 3221 3148 3257 ,
3220 3163 3572 3261 clausisque
3638 3168 3848 3245 oculis

927 3258 1300 3333 clarissimas
1343 3259 1829 3356 consequentias
1881 3290 2018 3337 non
2081 3267 2310 3342 vident
2347 3320 2393 3357 „
2419 3290 2616 3367 atque
2658 3325 2683 3364 ,
2746 3292 2827 3345 ut
2862 3274 2991 3344 illae
3046 3270 3219 3342 cerni
3275 3270 3315 3340 a
3361 3267 3423 3340 se
3462 3286 3837 3365 nequeant,

924 3359 1312 3453 plerumque
1360 3358 1634 3434 obscura
1693 3364 1977 3458 quadam
2046 3366 2559 3444 distinctiuncula
2603 3423 2629 3460 ,
2693 3396 2892 3466 quam
2940 3421 2966 3458 ,
3058 3362 3314 3441 tametsi
3387 3392 3518 3438 non
3589 3365 3841 3435 intelli-

925 3477 1085 3548 gant
1124 3508 1147 3543 ‚
1219 3480 1442 3532 tamen
1488 3461 1840 3557 intelligere
1891 3460 2014 3535 fibi
2063 3467 2369 3541 videntur
2424 3519 2446 3555 ,
2521 3497 2657 3544 non
2711 3490 2852 3543 tam
2905 3469 3040 3541 aliis
3111 3490 3312 3560 quam
3363 3461 3480 3536 fibi
3529 3460 3844 3534 tenebras

926 3549 1304 3627 offundunt.
1480 3561 1708 3646 Qam
1758 3563 2061 3654 iniquum
2134 3591 2295 3638 vero
2366 3564 2449 3638 fit
2503 3618 2527 3655 ,
2597 3569 2787 3640 alicui
2857 3568 3182 3660 imputare
3236 3563 3766 3657 consequentiam
3814 3612 3843 3647 ,

905 3651 1110 3742 ‘cujus
1157 3650 1596 3726 necessitatem
1659 3682 1798 3729 non
1844 3660 2025 3729 videt
2050 3709 2074 3743 ,
2139 3663 2243 3733 vel
2316 3688 2397 3736 ex
2449 3664 2614 3737 hisee
2675 3662 2937 3736 duobus
2993 3663 3259 3736 cuilibet
3330 3655 3846 3736 manifestiffime

781 3790 784 3793 Δ
903 3782 910 3789 ·
925 3768 1130 3840 patet.
1280 3773 1339 3822 1.
1393 3753 1573 3839 Quia
1642 3753 1761 3823 hac
1811 3754 2065 3825 ratione
2125 3754 2507 3853 imputanda
2557 3765 2616 3832 ei
2684 3788 2947 3855 quoque
3002 3764 3175 3835 foret
3228 3764 3491 3857 praxis,
3572 3783 3655 3831 ex
3700 3758 3850 3850 ejus

899 3843 1401 3938 ‘hypothesibus
1452 3848 1720 3941 sequens
1764 3873 1787 3927 3
1862 3849 2117 3922 tametsi
2182 3857 2331 3934 huic
2392 3862 2576 3952 praxi
2653 3884 2882 3933 omnes
2947 3863 3231 3933 actiones
3285 3861 3426 3953 ejus
3490 3859 3526 3929 ὲ
3591 3859 3850 3929 diame-

926 3960 1034 4055 tro
1115 3939 1311 4013 effent
1392 3944 1759 4019 contrariae·
1939 3966 2007 4022 2.
2060 3952 2238 4038 Qia
2288 3956 2698 4050 imputandae
2744 3961 2838 4032 ita
2888 3958 3105 4032 forent
3142 3960 3261 4031 uni
3299 3959 3637 4053 eidemque
3710 3956 3879 4034 ho·.

925 4042 1091 4111 nuni
1146 4035 1483 4112 sententiae
1544 4043 2069 4119 contradictoriae
2106 4077 2124 4119 z
2178 4047 2359 4123 facile
2410 4058 2586 4126 enim
2645 4054 2789 4129 fieri
2834 4058 3049 4154 potest
3104 4110 3127 4145 ‚
3204 4075 3283 4131 ut
3334 4082 3418 4129 ex
3457 4080 3590 4128 una
3640 4053 3855 4125 alicu-

921 4137 1028 4250 jus
1100 4134 1444 4228 hypothesi
1529 4137 1830 4233 sequatur
1925 4145 2170 4239 dogma
2244 4155 2821 4229 contradictorium
2873 4158 2963 4228 illi
3011 4156 3306 4251 dogmati
3343 4207 3366 4242 ‚
3445 4153 3626 4249 quod
3694 4177 3856 4226 non

922 4257 1141 4306 nunus
1188 4232 1551 4352 neceffario·
1592 4238 1874 4333 sequitur
1949 4267 2032 4313 ex
2087 4246 2211 4321 alia
2272 4247 2555 4339 ejusdem
2618 4252 2978 4349 hypothesi.
3123 4257 3251 4327 Fac
3297 4281 3363 4327 v,
3422 4279 3487 4347 g·
3555 4275 3639 4323 ex
3701 4274 3857 4324 una

920 4328 1315 4425 hypothesi,
1364 4335 1632 4451 alicujus
1679 4339 1856 4433 sequi
1908 4366 1926 4409 ε
1992 4343 2219 4417 Deum
2275 4347 2395 4420 effe
2446 4355 2782 4425 auctorem
2831 4353 3078 4445 peccati
3138 4382 3159 4423 .-
3213 4377 3297 4441 ex
3348 4355 3475 4425 alia
3545 4347 3860 4442 ejusdem

919 4424 1268 4546 hypothefi
1313 4428 1490 4526 sequi
1538 4436 1728 4529 plane
1788 4442 2190 4514 contrarium
2251 4470 2270 4514 z
2359 4447 2612 4520 Deum·
2649 4449 2803 4521 nihil
2869 4452 3084 4521 minus
3151 4449 3271 4522 else
3320 4503 3343 4538 ‚
3411 4472 3611 4546 quam
3682 4473 3859 4541 pec·

922 4546 1050 4604 cau
1109 4530 1443 4604 auctorem
1472 4581 1497 4619 ,
1558 4535 1697 4610 imo
1738 4535 2167 4617 execrabilem
2227 4539 2346 4616 elle
2421 4542 2880 4638 blasphemiam
2953 4550 3080 4621 hoc
3137 4547 3432 4623 statuere.
3587 4547 3861 4619 Utrum

901 4630 1166 4712 horum
1224 4627 1646 4737 dogmatum,
1684 4635 2339 4713 contradictoriomm
2405 4643 2661 4719 homini
2715 4645 3179 4740 imputandum
3253 4645 3428 4723 foret
3465 4678 3488 4734 3
3563 4675 3649 4721 an
3738 4674 3861 4726 ut·

3485 4772 3781 4843 rumque
3812 4783 3851 4838 ,-

529 5538 608 5595 ‘a'
