4188 5670
926 347 1071 434 448
1958 346 1969 355 ·
2148 321 2740 402 Oxarte

1118 515 1300 608 Qid
1348 512 1438 587 illi
1462 560 1490 602 ,
1547 511 1662 604 qui
1706 510 1944 606 Ignatii
1988 506 2268 603 Loyolae
2299 503 2665 583 institutum
2706 504 3109 599 sequuntur,
3144 583 3163 599 ‚
3193 501 3560 583 esuitarum
3595 510 3880 586 nomine

918 612 1066 697 ,noti
1100 614 1133 686 :²
1181 615 1290 688 Ne
1334 637 1456 685 vos
1497 612 1623 683 toti
1667 607 2152 705 propemodum
2210 601 2391 680 Orbi
2426 605 2730 681 odiosum
2769 629 3019 679 nomen
3057 632 3102 680 o
3157 606 3373 681 endat.
3495 610 3873 696 Quantum

926 712 996 781 in
1039 711 1173 785 aliis
1218 715 1460 784 horum
1500 699 1852 782 hominum
1906 706 2280 781 auctoritati
2319 703 2743 779 tribuendum
2772 699 2853 777 fit
2874 755 2900 794 ,
2949 706 3054 779 hic
3097 730 3233 781 non
3270 706 3546 800 inquiro
3581 731 3604 777 z
3654 728 3731 781 at
3759 703 3876 779 fin-

932 808 1226 901 gularem
1249 811 1487 881 horum
1507 809 1576 880 in
1604 806 1991 879 instituenda
2015 803 2362 896 juventute
2385 804 2846 880 dexteritatem
2885 803 2993 877 vel
3015 799 3438 878 inimiciflimi
3471 805 3868 898 praedicant.

878 922 881 923 ’
932 904 1306 981 00ᾶίίῆιηί
1325 930 1407 978 ex
1456 904 1701 976 hisViri
1750 903 2063 994 juveniles
2113 902 2262 975 istos
2307 900 2493 975 ludos
2537 899 2852 976 omnibus
2883 903 3020 975 aliis
3075 902 3198 976 stili
3221 902 3559 975 exercitiis
3592 921 3860 996 antepo-

929 1009 1101 1077 nhnt
1117 1057 1138 1093 ,
1188 997 1694 1098 fiequentissime
1764 999 2096 1095 usurpant.
2180 1001 2350 1074 Haec
2408 1001 2721 1075 nimirum
2757 999 3070 1092 praeludia
3110 998 3377 1081 fuerunt
3416 1000 3712 1074 illorum
3757 999 3859 1074 Vi-

931 1122 1161 1175 rorum
1179 1150 1199 1183 ‚
1247 1126 1413 1196 quos
1455 1119 1771 1196 tanquam
1815 1095 2180 1173 Pontificiae
2232 1100 2552 1199 potentiae
2603 1096 2810 1173 fulcra
2865 1117 3215 1192 tantopere
3251 1098 3711 1173 admitantur.

948 1312 953 1317 .
1129 1255 1433 1329 Omnino
1469 1248 1903 1348 sapientiffimi
1950 1252 2247 1325 homines
2302 1251 2548 1325 nullam
2605 1258 2894 1345 unquam
2946 1244 3488 1323 Adolescentibus
3530 1249 3618 1322 El

936 1356 1094 1431 tiam
1128 1352 1466 1426 instillandi
1508 1355 1829 1447 aptiorem
1853 1402 1875 1437 ,
1933 1352 2133 1444 quam
2167 1349 2456 1443 dialogos
2480 1400 2503 1437 ‚
2558 1351 2739 1421 viam
2765 1349 3203 1420 invenerunt:
3252 1345 3451 1419 Unde
3484 1349 3852 1419 etiamnum

938 1475 1045 1529 tot
1087 1448 1615 1540 doctiffimorum
1658 1447 1975 1522 Virorum
1996 1498 2017 1532 ,
2063 1442 2407 1535 euiuslibet
2451 1446 2865 1539 argumenti,
2911 1444 3234 1537 colloquia
3264 1442 3545 1516 exstant.
3602 1444 3804 1518 Reae
3823 1492 3852 1527 ,

939 1567 1089 1624 me'a
1125 1550 1388 1642 quidem
1430 1546 1788 1627 sententia3
1850 1570 2006 1619 nam
2040 1596 2062 1632 ,
2109 1566 2346 1638 praeter
2389 1542 2731 1615 mirificam
2765 1542 3178 1636 dialogorum
3220 1538 3626 1615 suavitatem
3657 1545 3724 1615 ἃ
3761 1539 3850 1613 fa.

939 1651 1243 1723 cilitatem
1273 1694 1298 1734 ,
1359 1648 1721 1718 innumerae
1783 1645 1851 1717 in
1887 1642 2332 1738 respondendo
2372 1644 2436 1713 ἃ
2504 1641 2963 1735 interrogando
3011 1638 3324 1733 loquendi
3392 1637 3641 1712 fotrnae
3693 1633 3842 1711 iaci-

940 1749 1147 1831 dunt,
1180 1744 1425 1838 quaein
1467 1762 1779 1838 perpetua
1803 1744 2097 1815 oratione
2131 1746 2247 1815 vix
2276 1758 2641 1812 occurrunt.
2704 1741 2800 1811 At·
2821 1739 2978 1830 quid
3011 1736 3186 1809 aliud
3215 1737 3596 1809 Comoediae
3639 1735 3780 1809 sunt
3805 1786 3830 1823 ,

938 1849 1139 1937 quam
1186 1843 1506 1935 colloquia
1547 1837 2050 1936 elegantiffima,
2102 1864 2238 1912 non
2281 1839 2568 1909 duorum
2609 1836 2816 1909 modo
2863 1852 2986 1907 aut·
3014 1834 3212 1905 trium
3239 1883 3262 1918 ,
3303 1831 3409 1905 sed
3443 1837 3816 1918 multorum,

938 1964 1231 2035 quorum
1270 1937 1711 2032 unusquisque
1747 1937 1998 2032 semper
2039 1939 2472 2020 charadterem
2504 1933 2692 2008 suum
2743 1952 3115 2028 certamque
3166 1931 3478 2024 loquendi
3524 1934 3816 2004 rationem

940 2038 1191 2117 servare
1231 2035 1429 2111 debet
1466 2035 1720 2130 :iplane
1751 2086 1772 2122 ,
1826 2055 1903 2109 ut
1952 2032 2353 2108 confidenter
2384 2033 2592 2107 dicere
2639 2027 2949 2126 poffimus
2968 2080 2991 2117 ,
3038 2032 3106 2101 in
3164 2028 3338 2100 nulla
3384 2030 3505 2100 alia
3543 2030 3819 2101 oratione

943 2158 1048 2212 tot
1082 2137 1433 2211 identidem
1456 2131 1736 2229 praeberi
1757 2132 1875 2205 stili
1913 2135 1977 2206 ἃ
2010 2131 2508 2220 commutandi,
2542 2133 2605 2208 8<
2633 2130 2808 2202 varie
2833 2126 3228 2216 exornandi,
3266 2129 3334 2201 δι
3369 2130 3438 2201 in
3469 2128 3816 2203 innumeras

943 2233 1135 2309 facies
1154 2230 1679 2320 transformandi,
1703 2229 2087 2307 occasiones.

904 2485 911 2492 .
1136 2386 1341 2458 Nunc
1363 2383 1673 2483 affurgere
1700 2382 1898 2460 debet
1929 2389 2141 2462 oratio
2163 2418 2190 2473 ,-
2222 2384 2406 2463 stena
2432 2407 2684 2464 mutata
2710 2436 2736 2479 ,
2765 2391 3006 2465 mirum
3035 2404 3358 2481 quantum
3385 2383 3445 2458 se
3485 2380 3753 2456 demittit
3777 2404 3809 2457 ἴ

942 2483 1317 2579 aliquandiu
1368 2485 1436 2555 in
1471 2484 1782 2580 aequabili
1836 2487 2120 2579 quadam
2158 2488 2604 2562 mediocritate
2634 2489 2965 2572 decurrit,-
3003 2510 3180 2560 nunc
3223 2484 3512 2561 observes
3534 2479 3683 2553 senis
3707 2473 3806 2548 sn-
3941 2536 3947 2540 .

943 2581 1103 2658 liciti
1156 2581 1589 2677 polylogiam,
1628 2583 1738 2675 qui
1780 2581 2027 2679 semper
2079 2583 2143 2659 se
2205 2612 2341 2660 non
2405 2585 2550 2659 satis
2591 2587 2857 2680 intelligi
2909 2605 3209 2665 veretum
3259 2608 3436 2657 nunc
3485 2575 3812 2675 ‘juvenilem

944 2682 1013 2775 in
1054 2682 1594 2776 interrumpendis
1636 2682 1820 2753 dietis
1843 2685 2352 2778 impatientiam3
2377 2684 2725 2779 aliquando
2749 2685 3022 2757 verniles
3048 2681 3240 2754 lusus.
3279 2683 3360 2755 In
3389 2677 3824 2753 haevmietaete

946 2779 1193 2896 semper
1232 2800 1454 2876 grata,
1509 2779 1756 2876 semper
1784 2782 2047 2877 pulchra
2094 2782 2188 2857 est
2233 2783 2447 2857 oratio
2467 2835 2492 2871 ,
2547 2784 2703 2878 quia
2745 2782 2994 2877 semper
3020 2779 3310 2878 personis
3344 2779 3635 2874 quadrat.

1139 2938 1324 3024 Qid
1359 2940 1568 3012 dicam
1591 2939 1673 3012 de
1694 2935 2034 3012 affectibus
2069 2940 2134 3011 &
2175 2938 2462 3011 sedandis
2482 2942 2548 3012 &
2572 2934 3022 3012 concitandis?
3059 2961 3188 3033 qua
3220 2939 3355 3007 a'rte
3379 2982 3404 3019 ,
3446 2928 3499 3019 fi
3534 2956 3667 3004 non
3690 2952 3820 3001 om-

948 3031 1045 3102 nis
1092 3029 1451 3106 absolvitur
1498 3036 1910 3127 Eloquentiae
1976 3036 2118 3115 vis,
2177 3037 2345 3107 hanc
2383 3056 2554 3110 certe
2605 3031 3018 3129 potiffimam
3069 3036 3207 3130 ejus
3260 3053 3520 3127 partem
3567 3025 3685 3103 effe
3723 3050 3822 3098 ne-

945 3152 1061 3201 mo
1110 3132 1460 3224 negaverit.
1537 3131 1669 3204 Hic
1709 3157 1895 3220 vero,
1918 3133 2020 3205 hic
2041 3132 2228 3223 plane
2269 3156 2495 3226 regnat
2528 3132 2727 3206 scena.
2802 3135 3102 3209 Mitiores
3141 3128 3411 3205 affeetus
3455 3125 3816 3206 Comoedia»

947 3229 1475 3301 vehementiores
1488 3228 1871 3323 Tragoedia,
1901 3246 2216 3321 tanquam
2252 3232 2722 3323 patrimonium
2750 3257 2903 3325 quae
2947 3255 3031 3303 ue
3059 3230 3249 3303 suum
3273 3281 3300 3318 ,
3343 3226 3466 3303 fibi
3492 3225 3814 3300 vindicant.

949 3328 1109 3413 Quo
1152 3323 1272 3413 fit,
1317 3346 1395 3398 ut
1442 3327 1608 3400 ludis
1660 3334 1814 3401 cum
1841 3325 2267 3415 intersumus,
2299 3353 2435 3401 non
2480 3330 2645 3402 ludis
2682 3259 2970 3402 intactile
2995 3330 3387 3409 videamur-3
3447 3323 3667 3397 seriam
3694 3342 3817 3391 rem

896 3493 907 3500 .
948 3427 1053 3518 agi
1096 3425 1428 3498 crederes:
1478 3427 1572 3498 ita
1618 3451 1849 3499 omnes
1903 3427 1971 3498 in
2016 3451 2149 3499 una
2197 3428 2549 3512 Comoedia
2595 3422 2868 3502 affectus
2897 3428 3249 3501 induimus·
3323 3427 3530 3500 Nunc
3587 3417 3819 3496 attoniti

876 3524 888 3600 ,”
945 3521 1234 3622 sta'mus5
1290 3549 1466 3597 nunc
1511 3524 1926 3620 indignamur
1950 3553 2004 3608 ς,
2040 3525 2237 3618 paulo
2265 3524 2427 3618 ‘post
2467 3528 2828 3619 placarunt,
2869 3525 3215 3618 omnisque
3238 3526 3308 3596 in
3346 3505 3813 3595 misericordiam

869 3688 906 3715 „
940 3619 1043 3690 ira
1082 3624 1505 3697 convertitur.
1570 3624 1784 3696 Modo
1826 3622 2224 3717 trepidamus
2268 3647 2346 3695 ac
2388 3625 2742 3697 metuimus
2767 3651 2798 3704 ς
2840 3624 3319 3718 jamangimur
3362 3645 3440 3694 ac
3501 3620 3806 3690 dolemuss

947 3716 1262 3809 paulatim
1296 3719 1379 3792 ad
1422 3722 1761 3795 meliorem
1792 3719 1970 3816 spem
2009 3723 2372 3796 excitamur
2390 3748 2418 3806 ,-
2472 3745 2636 3793 mox
2669 3720 3102 3808 exsultamus,
3131 3723 3449 3815 omnique
3493 3713 3810 3788 incedimus

942 3813 1175 3885 laetitia
1195 3844 1221 3898 ,-
1270 3817 1501 3890 deinde
1518 3867 1541 3904 ,
1594 3819 1808 3894 nescio
1870 3844 2006 3912 quo
2052 3820 2272 3910 modo,
2286 3870 2310 3908 a
2358 3817 2575 3894 subito
2625 3819 2897 3910 tristitiae
2945 3817 3159 3893 nubes
3216 3815 3522 3892 oboritur
3552 3865 3576 3901 ,
3623 3805 3809 3902 expal·

947 3908 1270 3982 lescimus:
1301 3914 1602 4007 idemque
1648 3913 1837 3987 nobis
1886 3914 2335 4006 saepenumero
2379 3918 2748 4012 contingit„
2793 3920 2973 4012 quod
3005 3911 3442 4012 Augustinum
3491 3914 3572 3985 de
3615 3907 3667 3982 se
3687 3928 3819 3979 con·

936 4006 1123 4088 fiteri
1161 4011 1429 4080 memini
1458 4061 1485 4096 ,
1536 4010 1769 4107 saepius
1800 4009 2087 4096 ubertim
2129 4010 2459 4102 sefleviffe
2499 4062 2540 4106 ,³
2566 4038 2719 4092 cum
2772 4016 3051 4089 Didonis
3076 4015 3247 4110 apud
3279 4013 3638 4108 Virgilium
3672 4027 3821 4078 mor·

940 4128 1083 4181 tem
1127 4105 1383 4199 legeret.
1461 4110 1622 4195 Quo
1664 4109 1878 4181 minus
1933 4106 2444 4182 mirandmn-est
2464 4160 2492 4198 ,
2553 4114 2733 4205 quod
2780 4114 2861 4185 de
2911 4109 3162 4212 Puppio
3217 4110 3514 4203 quodam
3575 4105 3827 4199 Tragia)

934 4205 1195 4277 aidum
1236 4207 1637 4296 accepimus,
1688 4207 1863 4280 hunc
1902 4206 2156 4303 quoties
2205 4208 2528 4302 voluerit,
2568 4212 2891 4306 populum
2935 4213 3018 4285 ad
3053 4212 3460 4308 lachrymas,
3496 4209 3565 4281 δι
3613 4203 3689 4282 ad
3722 4199 3828 4274 mi-

945 4300 1349 4378 sericordiam
1389 4301 1780 4396 provocaffe.
1996 4357 2003 4362 -
2078 4357 2085 4364 -
3145 4369 3152 4374 .

927 4523 975 4553 ‚-
1128 4444 1238 4518 Ex
1262 4446 1356 4518 his
1380 4437 1690 4520 omnibus
1706 4446 1916 4522 videri
1951 4448 2163 4541 potest
2184 4500 2206 4534 ,
2239 4449 2396 4543 quid
2422 4445 2649 4522 cauffae
2680 4448 2760 4525 fit
2780 4503 2803 4540 ,
2841 4450 3024 4546 quod
3045 4449 3215 4545 saepe
3239 4451 3278 4520 a
3297 4407 3518 4522 doctis
3542 4442 3830 4520 observu-

946 4555 1091 4612 tum
1137 4542 1256 4614 est.
1308 4562 1492 4616 tanto
1541 4559 1864 4639 quemque
1898 4548 2414 4640 eloquentiorem
2461 4545 2621 4635 effe,
2657 4571 2907 4643 quanto
2937 4548 3080 4641 plus
3110 4549 3425 4640 temporis
3464 4546 3534 4615 in
3566 4537 3831 4638 legendis

940 4659 1142 4772 atque
1169 4639 1515 4722 ediscendis
1541 4645 1825 4730 Cornicis
1858 4648 1923 4724 &
1943 4645 2227 4743 Tragicis
2249 4645 2466 4728 Poetis
2496 4646 2836 4746 impendit.
2910 4648 3086 4724 Hinc
3136 4641 3649 4731 Demosthenes,
3667 4637 3843 4811 <gideo-
