4188 5670
921 272 1101 403 266·
1909 318 2761 394 Pantec'rroues
2843 308 3006 393 [ne

938 456 943 461 ·
1614 499 2087 599 Prasmtemque
2123 498 2311 595 refert
2340 492 2626 600 quaeffiee
2653 501 2837 578 herba
2867 509 3092 580 Deum.

1115 650 1213 733 Ac
1252 654 1401 729 sane
1420 707 1441 742 ,
1496 650 1546 726 fi
1595 673 1888 727 mentem
1931 657 1970 726 a
2024 653 2336 730 materiali
2387 652 2640 731 mundo
2700 656 2785 730 ad
2860 649 3352 729 immaterialem
3399 700 3425 738 ,
3503 650 3542 723 a
3607 675 3839 747 corpo-

908 755 1104 841 ,ribus
1164 758 1248 829 ad
1310 753 1567 848 spiritus
1624 751 2024 826 deflectimus
2050 806 2074 842 ,
2118 758 2462 828 innumera
2508 758 2573 828 &
2619 756 2689 827 in
2732 752 2851 826 illis
2893 752 3255 848 reperimus
3301 747 3497 842 hujus
3547 752 3837 824 veritatis

920 873 1326 951 argumenta.
1392 849 1532 925 Effe
1573 871 1823 924 mentes
1871 851 2252 926 substantias
2296 854 2653 948 cogitantes
2695 849 2995 925 dubitare
3029 850 3210 922 nullo
3236 849 3441 922 modo
3462 847 3835 944 poffumus,

919 955 1083 1027 dum
1113 954 1516 1047 cogitamus3
1572 974 1779 1045 neque
1803 952 2003 1023 etiam
2024 950 2214 1026 sanus
2234 948 2536 1024 dubitare
2552 950 2763 1046 potest
2780 1002 2803 1039 ‚
2848 975 3002 1025 cum
3024 947 3409 1043 corporibus
3425 947 3778 1019 hominum
3807 998 3831 1036 ‚

860 1116 875 1141 ,
919 1076 1076 1126 cum
1095 1049 1334 1147 quibus
1358 1047 1798 1135 conversatur,
1825 1051 2206 1135 coniunctas
2219 1046 2339 1123 effe
2364 1069 2619 1123 mentes
2635 1048 2769 1122 suae
2793 1048 2999 1122 menti
3021 1044 3276 1119 similes.
3334 1045 3534 1119 Unde
3563 1072 3727 1120 vero
3747 1045 3832 1119 est

918 1176 1105 1222 mens
1120 1153 1226 1223 illa
1246 1148 1495 1236 nostra,
1518 1172 1670 1241 quae
1699 1147 1996 1242 intelligit
2018 1180 2063 1235 ‚·
2087 1172 2244 1242 quae
2284 1145 2571 1222 infinitas
2594 1172 2816 1222 rerum
2837 1149 3015 1220 ideas
3037 1146 3552 1240 contemplatur,
3608 1143 3835 1239 easque

919 1269 1039 1322 aut
1088 1250 1157 1321 in
1193 1247 1257 1320 se
1301 1246 1434 1343 ipsa
1484 1247 1665 1318 videt
1688 1295 1711 1332 ‚
1766 1264 1882 1318 aut
1936 1248 2005 1318 in
2051 1248 2225 1328 aliis3
2258 1270 2412 1340 quae
2450 1266 2673 1320 totum
2720 1246 3045 1319 mundum
3087 1245 3482 1340 cogitatione
3519 1245 3832 1338 compleo·
3937 1330 3945 1339 .

912 1349 1079 1421 titur
1109 1377 1132 1430 3
1176 1372 1330 1441 quae
1373 1346 1791 1417 ratiocinatur
1807 1373 1833 1427 ‚-
1878 1370 2033 1439 quae
2074 1345 2198 1419 alia
2232 1347 2479 1440 appetit
2509 1397 2533 1433 ,
2572 1346 2696 1419 alia
2734 1344 3073 1439 repudiat,
3128 1367 3283 1437 quae
3320 1340 3544 1415 futura
3604 1343 3832 1436 praevi-

915 1446 1080 1534 det,
1129 1470 1284 1538 quae
1339 1440 1828 1537 praeterit'orum
1880 1445 2259 1520 recordatur
2280 1494 2306 1532 ‚
2353 1468 2508 1537 quae
2537 1445 2892 1517 innumeris
2938 1442 3149 1517 modis
3177 1442 3465 1514 variatur
3493 1440 3528 1512 :²
3586 1442 3818 1528 Unde,

918 1545 1238 1639 inquam,
1288 1543 1394 1612 illa
1426 1564 1610 1613 mens
1656 1538 1808 1613 est?
1859 1566 1998 1615 non
2048 1545 2087 1616 a
2127 1541 2192 1616 se
2240 1562 2450 1623 certe;
2492 1541 2669 1618 secus
2720 1546 2900 1617 enim
2942 1540 3190 1636 semper
3221 1537 3475 1627 fuiffet,
3527 1539 3716 1632 cujus
3739 1540 3821 1612 rei

912 1667 1054 1714 non
1088 1640 1508 1723 recordatum
1541 1635 1810 1712 haberet
1847 1664 2112 1737 quoque
2140 1640 2517 1722 facultatem
2555 1639 2822 1737 seipfiun
2874 1638 3341 1728 conservandi,
3380 1639 3706 1734 hujusque
3759 1633 3827 1709 fi-

910 1736 986 1839 bi
1031 1736 1283 1812 conscia
1322 1734 1505 1818 effen
1557 1735 1982 1812 immutabilis
2032 1737 2183 1814 efl'et
2201 1793 2224 1830 ,
2274 1742 2463 1834 cujus
2510 1743 2909 1818 contrarium
2929 1736 3195 1837 singulis
3228 1738 3584 1812 momentis
3623 1738 3822 1815 videt5

910 1839 1104 1910 sentit
1152 1838 1329 1909 enim
1375 1839 1445 1909 in
1480 1836 1544 1910 se
1596 1858 1939 1932 perpetuas
1979 1842 2376 1914 mutationes
2396 1890 2420 1926 ‚
2478 1843 2677 1914 etiam
2707 1860 2937 1913 contra
2982 1839 3403 1913 voluntatem
3440 1835 3626 1910 suam
3649 1866 3676 1921 ,-
3705 1835 3823 1909 sen-

911 1936 996 2009 tit
1045 1937 1327 2029 denique
1368 1935 1431 2008 se
1471 1933 1683 2008 nescio
1726 1939 2069 2030 quomodo
2113 1935 2389 2013 affixam
2436 1937 2557 2013 effe
2605 1939 2907 2032 corpori,
2977 1937 3015 2009 a
3075 1962 3211 2032 quo
3262 1938 3333 2011 in
3385 1936 3562 2013 mille
3614 1958 3822 2031 opera·

909 2033 1208 2109 tionibus
1262 2034 1677 2129 dependeat3
1733 2033 1925 2109 sentit
1987 2041 2056 2109 in
2107 2037 2223 2110 sua
2273 2032 2590 2133 potestate
2639 2062 2776 2111 non
2820 2034 2940 2113 effe
2961 2086 2987 2124 ,
3069 2035 3301 2113 sentire
3377 2060 3531 2129 quae
3609 2033 3819 2114 (entire

907 2133 1093 2216 vult3
1138 2134 1424 2229 cogitare
1462 2156 1615 2226 quae
1667 2133 1813 2206 vult
1864 2138 2200 2229 cogitare3
2249 2158 2545 2212 mentem
2595 2135 2779 2209 suam
2830 2136 2935 2208 hic
2985 2131 3327 2208 necess'ario
3363 2131 3542 2228 sequi
3598 2132 3816 2206 debere

906 2253 1133 2316 motus
1161 2232 1448 2326 corporis
1490 2229 1589 2303 sui
1610 2280 1634 2317 ,
1678 2230 1935 2307 tametsi
1980 2234 2409 2328 cogitationes
2446 2236 2575 2309 fflae
2596 2288 2622 2326 ,
2672 2236 2739 2307 &
2794 2231 3003 2308 sensus
3053 2230 3177 2307 fibi
3220 2229 3350 2306 sint
3401 2228 3809 2329 ingratiffimi.
3895 2246 3904 2257 “

1103 2384 1272 2471 Qis
1307 2385 1505 2479 igitur
1548 2388 1780 2457 austor
1829 2386 1967 2478 ejus
2022 2394 2238 2459 mentis
2300 2389 2391 2461 est
2413 2384 2450 2456 ἓ
2499 2387 2644 2480 quis
2693 2390 2923 2460 auctor
2979 2385 3151 2457 illius
3199 2389 3441 2456 unionis
3461 2433 3485 2469 ‚
3544 2405 3694 2476 quae
3733 2373 3810 2450 est

900 2483 1073 2557 inter
1115 2506 1318 2574 corpm
1357 2483 1463 2558 hoc
1503 2508 1706 2555 meum
1742 2484 1807 2555 δι
1850 2483 1990 2576 ejus
2028 2509 2273 2579 organa
2297 2538 2322 2573 ‚
2365 2490 2430 2560 &
2457 2487 2623 2558 inter
2655 2505 2913 2559 mentem
2933 2508 3131 2557 meam
3153 2480 3189 2553 Ρ
3228 2483 3401 2571 Qus
3429 2482 3658 2553 auctor
3687 2500 3813 2551 om-

904 2585 1098 2653 nium
1153 2601 1514 2659 ceterarum
1573 2583 1896 2655 mentium
1924 2633 1949 2670 ‚
2002 2588 2067 2657 &
2115 2581 2333 2658 similis
2385 2608 2613 2658 earum
2665 2608 2814 2657 cum
2864 2580 3250 2676 corporibus
3294 2572 3809 2673 conjunffionis?

907 2680 1076 2753 Sane
1119 2681 1252 2755 Ens
1302 2680 1394 2754 est
1430 2681 1875 2776 intelligentiae
1923 2678 2238 2771 summae,
2291 2686 2329 2756 a
2371 2709 2505 2779 quo
2550 2685 2854 2755 omnium
2901 2675 3159 2753 entium
3203 2678 3619 2774 intelligentia
3646 2696 3805 2749 ema-

902 2780 1143 2860 navit3
1193 2780 1326 2854 Ens
1371 2776 1905 2876 perfeetiffimum
1935 2831 1960 2870 ,
2013 2783 2198 2877 quod
2235 2801 2380 2857 tam
2433 2785 2608 2858 arcte
2667 2807 2767 2857 res
2867 2804 2978 2854 nee
3033 2780 3216 2854 nullo
3265 2778 3475 2852 modo
3523 2770 3809 2870 componi

905 2874 1080 2968 posse
1126 2878 1519 2954 videbantur
1554 2878 1999 2962 consociavit5
2074 2884 2257 2976 quod
2297 2886 2465 2957 inter
2506 2884 2846 2956 innumera
2895 2879 3008 2951 iles
3048 2897 3270 2952 motus
3324 2878 3617 2971 corporis
3636 2927 3660 2963 ‚
3703 2869 3811 2944 stu·

905 2973 1094 3066 gulos
1136 2996 1334 3048 certae
1384 2978 1574 3048 alicui
1615 2977 2001 3071 cogitationi
2046 2977 2437 3074 respondete
2494 2981 2748 3063 voluit3
2778 2982 2849 3060 ἃ
2880 2995 2988 3057 tot
3024 2972 3532 3074 cogitationibus
3558 2967 3816 3050 viciffim

905 3089 1012 3144 tot
1062 3092 1308 3145 motus.

918 3301 922 3306 ,
1103 3228 1231 3303 Sed
1284 3249 1598 3324 praeterea
1622 3279 1649 3317 ,
1696 3226 1749 3303 fi
1812 3226 2294 3314 confideramue
2360 3226 2679 3324 quosdam
2734 3255 2819 3306 ex
2875 3227 3162 3307 sensibus
3229 3230 3468 3308 animae
3510 3274 3536 3313 2
3595 3243 3820 3314 negare

845 3327 887 3358 ·'
908 3353 1049 3401 non
1086 3325 1419 3422 possumus
1448 3386 1473 3418 ,
1500 3353 1615 3402 eos
1657 3330 1697 3402 a
1742 3328 1998 3404 summa
2039 3331 2328 3426 quadam
2347 3328 2656 3425 sapientia
2691 3327 2782 3402 illi
2812 3328 2930 3404 esle
2968 3332 3247 3417 inditos,
3282 3326 3416 3400 five
3452 3325 3534 3397 ad
3575 3318 3822 3395 conser-

909 3429 1250 3508 vationem
1285 3429 1613 3524 corporiS,
1662 3447 1739 3504 ut
1786 3456 1907 3525 pro
1952 3430 2060 3503 illo
2107 3430 2418 3525 vigilent,
2474 3425 2608 3503 five
2654 3428 2739 3501 ad
2772 3429 3336 3505 conservationem
3362 3419 3582 3519 speciei
3611 3447 3638 3502 ς
3692 3418 3822 3494 live

908 3525 996 3595 ad
1049 3524 1613 3602 conservationem
1658 3528 1979 3604 societatis
2005 3580 2028 3617 ‚
2091 3554 2245 3624 quae
2300 3531 2468 3601 inter
2519 3528 2819 3600 homines
2862 3525 2981 3600 elle
3017 3526 3231 3601 debet.
3336 3525 3491 3598 Huc
3515 3520 3694 3594 enim
3735 3518 3821 3593 fit·

913 3622 1095 3695 ciunt
1133 3645 1239 3699 tot
1273 3628 1434 3699 varii
1488 3629 1811 3722 appetitus
1848 3626 2012 3715 cibi,
2067 3649 2309 3722 potus,
2362 3627 2764 3721 aliarumque
2811 3650 3033 3698 rerum
3050 3656 3077 3712 ,-
3122 3622 3334 3700 sensus
3376 3621 3657 3700 doloris,
3708 3644 3817 3692 vo-

914 3717 1223 3814 luptatis;
1280 3726 1409 3797 huc
1457 3723 1706 3797 faciunt
1753 3723 2025 3797 affectus
2063 3728 2307 3800 animae
2357 3725 2591 3807 inditi3
2651 3726 2875 3796 omnia
2893 3774 2919 3811 ,
2972 3719 3051 3798 ut
3093 3722 3154 3797 le
3204 3726 3269 3797 &
3324 3722 3507 3795 suam
3549 3717 3592 3790 s
3661 3722 3821 3794 ciem

903 3817 1251 3902 conservet
1264 3849 1287 3903 3
1336 3843 1415 3896 ut
1452 3824 1654 3896 noxia
1700 3820 1908 3917 fiigiat
1931 3874 1954 3907 ,
1998 3825 2183 3896 utilia
2231 3841 2515 3917 appetat.
2583 3823 2756 3898 Haec
2817 3824 3042 3896 omnia
3087 3824 3308 3896 anima
3355 3845 3495 3894 non
3531 3817 3544 3834 “
3612 3816 3683 3892 bi
3736 3819 3826 3891 in-

912 3915 1116 4005 diffie,
1171 3917 1278 3990 sed
1315 3918 1415 4006 ab,
1447 3923 1713 3996 auctore
1751 3918 1870 3993 suo
1920 3920 2127 3993 indita
2171 3921 2454 4011 accepim·
2498 3916 2585 3991 ab
2633 3921 2902 3998 autstore
2953 3916 3415 4016 sapientiffimo
3443 3972 3461 3994 .
3510 3920 3628 4012 qui
3672 3916 3825 4013 quid

909 4012 997 4087 ad
1042 4013 1599 4088 conservationem
1649 4018 1931 4089 hominis
1969 4016 2206 4104 faciat,
2257 4013 2709 4110 perfectiffime
2756 4017 2988 4101 scivit3
3045 4018 3135 4092 ab
3195 4020 3464 4092 austere
3512 4020 3765 4114 optimo
3793 4062 3820 4101 ,

909 4114 1032 4210 qui
1079 4135 1257 4187 amat
1276 4136 1485 4203 ‚opera
1523 4112 1636 4187 sua
1661 4164 1686 4200 ‚
1747 4118 1813 4188 ἃ
1851 4117 1933 4191 de
1981 4140 2216 4190 eorum
2264 4113 2753 4192 conservatione
2802 4114 3103 4192 sollicitus
3156 4116 3267 4194 est.

1111 4261 1374 4346 Quare,
1403 4258 1670 4352 quaeso,
1702 4261 2000 4336 dolorem
2049 4288 2200 4343 cum
2247 4261 2592 4353 sentimus,
2642 4263 2946 4344 membro
2981 4266 3202 4359 aliquo
3229 4263 3429 4351 laeso,
3475 4261 3828 4342 sentimus,

914 4380 992 4429 ac
1024 4353 1079 4428 fi
1124 4359 1191 4429 in
1244 4358 1381 4453 ipso
1424 4361 1534 4433 illo
1579 4358 1882 4436 membro
1924 4358 2105 4436 laesio
2141 4360 2329 4442 effet3
2367 4386 2520 4436 cum
2566 4386 2791 4440 contra
2834 4366 3154 4452 calorem,
3208 4387 3410 4458 quem
3461 4361 3777 4436 sentimus
3804 4404 3828 4440 ‚

916 4456 987 4526 in
1029 4457 1179 4551 igne
1223 4454 1342 4536 effe
1387 4481 1744 4550 putamus3
1785 4459 2106 4534 tristitiam
2153 4464 2226 4534 in
2269 4461 2546 4534 mente?
2589 4465 2796 4538 Nulla
2846 4464 2969 4536 alia
3015 4465 3096 4536 de
3126 4459 3370 4546 cauffa,
3432 4480 3509 4534 ut
3547 4456 3832 4535 acutiffi-

909 4556 1040 4638 mis
1077 4556 1474 4652 Philosophis
1527 4558 1784 4633 videtur
1814 4609 1837 4646 ,
1888 4581 2100 4654 quam·
2118 4579 2195 4633 ut
2239 4584 2421 4633 mens
2470 4558 2685 4634 statim
2731 4562 2813 4635 de
2868 4561 3071 4635 salute
3114 4563 3180 4634 &
3213 4556 3710 4635 conservatione
3759 4559 3831 4631 il-

916 4650 1041 4739 lius
1089 4656 1426 4748 membri,
1470 4658 1651 4755 quod
1690 4659 1950 4734 laeditur
1977 4710 2001 4746 ‚
2056 4655 2138 4733 fit
2177 4658 2483 4747 sollicita,
2538 4662 2603 4733 δι
2647 4661 2975 4737 celerrime
3022 4664 3084 4735 ei
3128 4657 3572 4735 conservando
3621 4683 3828 4830 τεηᾶεξ·

1858 4777 1867 4786 '
3778 4779 3837 4829 ιι
3882 4787 3894 4812 ·
