4188 5670
946 354 1104 425 260
1841 340 2670 416 Pantaorronas
2757 361 2884 418 nr.

952 521 1294 600 necessaria
1320 571 1343 607 ‚
1397 541 1549 618 apte
1600 544 1915 616 peragere
1962 517 2214 616 poffit3
2268 522 2488 598 statim
2548 524 2969 620 judicamus,
3017 526 3147 599 hoc
3197 520 3559 599 aedificium
3613 519 3919 597 habuiffir

940 626 1380 698 architestum
1437 622 1722 714 aliquem
1742 671 1765 708 ,
1832 622 1989 716 qui,
2028 620 2376 716 postquam
2406 625 2573 698 hane
2624 621 3045 700 habitationis
3088 624 3628 698 commoditatem
3693 624 3916 695 inten-

957 723 1126 797 derit
1147 774 1169 813 ,
1207 726 1489 797 domum
1540 719 1622 791 ad
1670 721 1847 792 hunc
1894 718 2167 814 scopum
2192 771 2216 808 ‚
2262 721 3003 798 accommodatissimam
3030 721 3354 796 exstruere
3402 721 3705 797 voluerit.

1159 878 1226 950 Si
1283 868 1761 949 consideramus
1807 872 2229 967 horologium
2283 901 2368 949 ex
2422 877 2617 950 variis
2681 875 2838 951 rotis
2901 878 2964 949 &
3001 872 3295 969 partibus
3331 924 3356 961 ,
3421 895 3575 970 apte
3625 877 3794 948 inter
3849 870 3913 945 se

961 972 1287 1072 dispositis
1316 1026 1339 1063 ,
1409 976 1500 1045 ita
1568 971 2057 1059 construt‘tum,
2112 994 2192 1046 ut
2246 975 2407 1047 nihil
2467 975 2537 1045 in
2598 1003 2680 1050 eo
2759 976 3115 1069 reperiatur
3148 1027 3173 1063 ,
3224 974 3405 1070 quod
3474 998 3611 1047 non
3661 972 3912 1067 aliquid

966 1074 1258 1150 conferat
1280 1125 1304 1162 ,
1357 1067 1493 1145 five
1538 1071 1620 1143 ad
1659 1093 1922 1145 motum
1958 1071 2225 1159 indicis,
2290 1099 2425 1167 quo
2453 1073 2614 1148 hora
2662 1075 2789 1149 diei
2811 1124 2835 1160 ,
2885 1074 3020 1145 dies
3065 1071 3445 1169 septimanae
3507 1090 3623 1146 aut
3669 1067 3911 1146 mensis

965 1177 1384 1251 indicantur-3
1434 1187 1548 1243 aut
1587 1170 1670 1243 ad
1719 1169 1952 1243 sonum
1997 1196 2382 1265 campanae,
2425 1198 2578 1267 quae
2626 1173 2812 1269 pulsu
2854 1171 2969 1245 suo
3016 1171 3192 1246 idem
3227 1173 3518 1253 indicat3
3579 1170 3908 1245 concludi-

966 1298 1118 1347 mus
1155 1273 1311 1344 inde
1353 1268 1669 1343 artificem
1719 1268 2046 1362 quendam
2087 1272 2265 1344 hunc
2307 1268 2579 1366 scopum
2603 1324 2627 1360 ,
2676 1274 2759 1348 ad
2809 1295 3010 1369 quem
3058 1296 3291 1347 omnes
3324 1271 3650 1366 horologii
3687 1290 3908 1345 motus

964 1371 1335 1451 constanter
1380 1370 1645 1441 tendere
1682 1369 2025 1456 videmus,
2069 1365 2195 1441 fibi
2214 1368 2629 1467 proposuiffe.

1163 1527 1424 1603 Eodem
1475 1541 1646 1598 certe
1706 1522 1911 1597 modo
1956 1522 2246 1615 judicare
2287 1524 2621 1625 possumus
2644 1576 2670 1616 ,
2728 1524 3057 1600 mundum
3107 1521 3226 1598 effe
3251 1520 3338 1597 ab
3367 1524 3536 1598 Ente
3561 1523 3786 1617 aliquo
3820 1521 3912 1594 in-

970 1626 1326 1725 telligentia
1380 1621 1636 1696 infinita
1671 1623 1952 1716 praedito
2000 1674 2025 1711 ,
2098 1622 2278 1721 quod
2322 1627 2391 1698 in
2446 1651 2529 1699 eo
2577 1625 3011 1700 construendo
3042 1644 3250 1698 certos
3283 1620 3446 1697 fines
3486 1621 3720 1718 cosque
3745 1622 3908 1718 opti·

971 1754 1121 1804 mos
1163 1723 1287 1799 sibi
1351 1721 1761 1818 proposuerit
1782 1774 1804 1810 ‚
1869 1721 2083 1818 adque
2130 1726 2251 1798 hos
2298 1724 2693 1800 obtinendos
2737 1722 3238 1799 innumerabilia
3291 1750 3500 1819 prope
3556 1724 3766 1797 media
3827 1718 3904 1793 ad

972 1852 1186 1904 unum
1238 1823 1689 1897 concurrentia
1736 1821 2170 1897 destinaverit.
2295 1824 2654 1897 Enimvero
2712 1820 2761 1895 si
2818 1843 3030 1899 totam
3095 1822 3262 1915 hanc
3315 1825 3547 1897 mundi
3594 1820 3902 1895 fabricam

975 1929 1198 2002 animo
1234 1925 1582 2018 complesti
1622 1917 1979 2014 possemus,
2022 1942 2374 2017 totumque
2411 1925 2550 2017 ejus
2607 1919 2957 1998 artificium
2996 1923 3466 2016 contemplat-h
3513 1923 3903 2016 stuperemus

974 2024 1112 2100 fine
1149 2020 1356 2096 dubio
1393 2023 1475 2095 ad
1511 2042 1618 2094 tot
1662 2019 1899 2094 finium
1947 2024 2011 2092 &
2057 2018 2443 2115 scoporum,
2495 2042 2601 2097 tot
2649 2023 3021 2097 mediorum
3066 2019 3313 2096 finibus
3367 2019 3492 2094 suis
3542 2019 3902 2095 subordina-

975 2147 1424 2216 torum,quae
1448 2123 1673 2195 omnia
1720 2118 1805 2191 ad
1852 2140 2063 2190 unum
2128 2118 2333 2193 finem
2378 2122 2658 2196 tendunt
2685 2174 2710 2211 ,
2771 2122 3430 2216 contemplationem.
3531 2120 3658 2196 Sed
3725 2119 3901 2193 nimis

976 2223 1251 2320 angusta
1295 2220 1386 2294 est
1437 2243 1621 2293 mens
1659 2217 1924 2307 nostra3
1976 2237 2117 2290 tam
2166 2218 2648 2314 compositam,
2703 2242 2845 2295 tam
2895 2221 3142 2296 vastam
3194 2222 3573 2293 machinam
3623 2242 3897 2313 compre-

979 2323 1262 2398 hendere
1305 2346 1442 2392 non
1487 2316 1702 2412 potest
1722 2344 1743 2397 3
1795 2317 2100 2409 idemque
2141 2318 2231 2389 illi
2278 2322 2498 2392 evenit
2520 2371 2544 2407 ,
2616 2320 2797 2413 quod
2849 2327 3146 2416 gregario
3197 2321 3432 2402 militi3
3462 2321 3645 2393 videt
3694 2312 3896 2411 aliquo

978 2423 1186 2499 modo
1243 2419 1541 2493 ordinem
1593 2418 1659 2488 &
1726 2411 2337 2488 subordinationem
2406 2419 2691 2490 militum
2762 2421 2830 2488 in
2879 2423 3170 2495 centuria
3209 2418 3369 2502 sua3
3422 2418 3530 2492 sed
3580 2416 3906 2514 quomodo

982 2521 1274 2595 centuria
1324 2513 1641 2610 quaelibet
1684 2509 2145 2586 subordinetur
2193 2514 2479 2610 leg'oni3
2528 2516 2875 2609 quomodo
2914 2519 3085 2614 legio
3117 2518 3370 2613 quaevis
3411 2521 3537 2593 toti
3582 2515 3896 2599 exercitui,

982 2623 1051 2695 id
1109 2643 1274 2694 vero
1332 2635 1603 2711 captum
1671 2612 1809 2704 ejus
1875 2613 2071 2705 longe
2142 2610 2419 2707 superat.
2527 2613 2791 2711 Judicat
2848 2635 3072 2691 tamen
3119 2642 3202 2691 ex
3264 2617 3384 2705 iis,
3452 2618 3604 2712 qu'ae
3655 2619 3718 2689 in
3763 2635 3900 2684 cen·

982 2721 1159 2795 turia
1206 2716 1317 2792 sua
1353 2713 1529 2791 fiunt
1546 2762 1572 2802 ,
1634 2712 1792 2785 nihil
1842 2707 2072 2784 frustra
2116 2707 2262 2788 fieri
2282 2763 2302 2795 ‚
2357 2709 2429 2786 in
2495 2715 2899 2810 integrarum
2951 2718 3392 2792 centuriarum
3450 2721 3516 2791 δι
3582 2716 3899 2812 legionum

986 2816 1306 2893 motibus.
2897 2843 2906 2852 -

1185 2962 1290 3073 ita
1328 2959 1483 3072 sane
1535 2958 1730 3072 nobis
1777 2960 1901 3075 usu
1941 2968 2163 3055 venit,
2221 2994 2376 3042 cum
2419 2991 2627 3066 partes
2669 2973 2870 3064 hujus
2919 2973 3149 3048 mundi
3192 2968 3709 3062 consideramus,
3746 2965 3903 3046 vide-

984 3084 1137 3135 mus
1184 3058 1346 3130 rllasr
1379 3081 1465 3130 ex
1530 3056 1824 3150 plurimis
1876 3062 2012 3133 aliis
2057 3066 2120 3135 ἃ
2177 3092 2383 3160 prope
2427 3072 2783 3142 innumeris
2838 3071 3132 3167 partibus
3181 3093 3670 3166 coagmentatas
3695 3124 3719 3161 ‚
3769 3090 3912 3167 quat

986 3183 1141 3236 rum
1186 3152 1464 3250 singulae
1508 3155 1791 3230 tendunt
1842 3158 1927 3231 ad
1962 3155 2175 3233 finem
2217 3165 2549 3258 aliquem,
2604 3186 2722 3240 aut
2753 3168 3011 3244 bonum
3067 3174 3401 3265 quoddam
3445 3191 3906 3246 communeto‘

985 3261 1121 3336 tius
1134 3286 1157 3340 3
1207 3254 1389 3349 quod
1438 3251 1671 3347 ipsum*
1708 3279 1974 3355 quoque
2032 3284 2194 3332 una
2222 3286 2384 3354 cnm,
2433 3267 2570 3339 aliis
2621 3292 2768 3361 pars
2832 3269 2922 3341 est
2981 3275 3185 3343 totius
3220 3273 3432 3344 adhuc
3484 3269 3793 3361 majoris:
3847 3289 3910 3339 ut

986 3358 1157 3436 adeo
1210 3357 1281 3429 in
1317 3357 1446 3426 hoc
1491 3351 1745 3426 mmdu
1796 3358 2102 3446 minima,
2135 3385 2374 3454 parva,
2431 3391 2670 3462 magna
2692 3417 2715 3454 ,
2762 3369 3058 3460 majora,
3095 3375 3329 3443 cun-sta
3357 3372 3625 3464 denque
3652 3367 3736 3442 ad
3765 3390 3912 3440 eun-

992 3463 1149 3536 dem
1193 3453 1402 3531 finem
1444 3448 1961 3529 artificiofiffime
2016 3457 2404 3555 conspirent.

1197 3608 1705 3687 Consideremus
1746 3615 1945 3709 igitur
1993 3636 2209 3711 partes
2256 3614 2502 3713 aliquas
2551 3623 2829 3716 mundi,
2894 3650 3053 3719 quae
3103 3624 3220 3701 etsi
3250 3653 3404 3702 cum
3454 3629 3583 3700 hoc
3629 3615 3913 3697 universo

993 3732 1401 3806 comparatae
1455 3735 1774 3806 perquam
1830 3713 1980 3786 sunt
2030 3720 2292 3809 exiguae
2315 3767 2339 3803 ,
2417 3720 2807 3793 immensam
2862 3740 3081 3798 tamen
3140 3730 3429 3823 partium
3482 3724 3729 3799 habent
3765 3718 3917 3794 mul-

996 3811 1367 3887 titudinem.
1429 3809 1783 3920 Sumamus
1821 3833 1889 3882 v.
1948 3837 2011 3905 g.
2066 3814 2305 3886 animal
2346 3811 2485 3888 sive
2526 3841 2843 3913 magnum
2893 3819 3029 3896 five
3082 3827 3545 3920 parvumilud
3575 3820 3683 3910 fit,
3725 3820 3920 3917 periu-

996 3912 1081 4002 de
1120 3911 1263 3981 erit.
1342 3906 1409 3979 Si
1455 3930 1814 3997 quaerimus
1848 3932 1943 3977 ex
2005 3912 2378 3984 anatomico
2435 3920 2689 4007 perit0,
2743 3944 2828 3990 ex
2859 3922 3101 4015 quibus
3143 3925 3301 3997 illud
3329 3925 3627 4020 partibus
3662 3941 3921 4012 compo·

933 4079 941 4086 ‚
999 4024 1193 4082 natur
1221 4011 1256 4070 ἓ
1314 4001 1643 4074 enarrabit
1680 4000 1890 4076 ⁸nobis
1936 4005 2379 4080 incredibilem
2428 4036 2831 4105 numerum3
2883 4021 3268 4097 monstrabit
3321 4047 3535 4118 partes
3590 4021 3870 4116 parcium
3896 4061 3918 4100 ,

999 4104 1226 4180 omnia
1267 4099 1695 4214 pulcherrime
1748 4103 1918 4175 inter
1963 4101 2027 4177 se
2103 4103 2426 4200 disposita.
2539 4113 2906 4190 Deficiente
2956 4120 3095 4192 visu
3125 4173 3149 4209 ,
3178 4125 3453 4195 oculum
3504 4114 3921 4209 microscopio

1000 4200 1295 4299 quodam
1340 4193 1623 4271 armabit
1644 4249 1668 4286 ,
1726 4218 2001 4297 tumque
2052 4205 2241 4297 plura
2288 4208 2411 4281 alia
2469 4210 2748 4309 deteget.
2825 4218 2997 4292 Haec
3043 4241 3262 4294 tamen
3316 4221 3540 4295 omnia
3587 4217 3924 4314 postquam

1002 4300 1253 4377 detexit
1274 4348 1298 4386 ,
1358 4293 1676 4371 fatebitur
1727 4300 1913 4394 plura
1958 4303 2336 4378 admiranda
2386 4311 2589 4381 aciem
2660 4339 2934 4390 omnem
3000 4321 3346 4394 oculorum
3372 4371 3396 4407 ,
3450 4312 3926 4414 quantumlibet

1004 4418 1463 4513 armatorum,
1516 4391 1821 4492 effugere.
1898 4402 1962 4473 Si
1998 4427 2251 4496 quaeres
2298 4430 2380 4476 ex
2412 4406 2588 4504 ipso,
2645 4417 2788 4505 quis
2826 4433 2929 4488 tot
2970 4422 3256 4512 partium
3282 4418 3363 4492 fit
3389 4417 3593 4491 usus?
3625 4413 3928 4488 monstra.

1006 4502 1151 4587 bit,
1213 4496 1370 4571 nilus
1408 4513 1578 4608 inter
1629 4515 1736 4570 tot
1785 4520 2035 4593 parteS,
2088 4504 2158 4573 in
2201 4528 2428 4575 earum
2475 4503 2687 4601 figura
2712 4561 2735 4596 ,
2797 4509 2924 4586 situ
2951 4566 2972 4599 ‚
3020 4517 3518 4605 distributione,
3571 4540 3709 4594 non
3763 4514 3930 4585 suam

1007 4596 1249 4676 habere
1301 4595 1690 4683 utilitatem,
1734 4598 1818 4669 ad
1843 4600 2278 4672 nutritionem
2301 4651 2326 4687 ,
2362 4602 2446 4674 ad
2480 4623 2696 4678 motus
2733 4611 3040 4685 omnibus
3088 4614 3474 4689 animalibus
3511 4633 3929 4691 communes,

1011 4716 1129 4778 aut
1176 4715 1376 4772 certae
1418 4693 1647 4790 speciei
1693 4699 2042 4792 proprios3
2109 4700 2192 4772 ad
2238 4696 2451 4776 sensus
2474 4752 2500 4791 ,
2557 4705 3140 4803 adgenerationem
3161 4766 3185 4805 ,
3217 4721 3279 4789 ἃ
3332 4737 3485 4807 quae
3549 4712 3704 4785 sunt
3753 4709 3934 4799 hujus

3764 4828 3939 4907 geue·
