4188 5670
829 361 988 442 na
1588 344 1755 418 Dr
1852 340 2979 422 Surenam-,xrroue

1535 566 1614 583 ··-
1698 566 1778 583 --
1841 511 2116 613 capienilo
2179 516 2351 590 nulla
2393 514 2650 588 videtur
2838 538 2847 546 ·
2974 537 2981 544 ·

1534 627 1753 713 Aptior
1805 618 1954 692 hora
1983 615 2110 691 cibo
2151 667 2174 704 ‚
2222 613 2338 705 nist
2396 636 2584 713 quam
2637 610 2871 686 dederit
2922 603 3225 707 Patoffirzit·

841 822 1142 898 Siderum
1190 821 1375 915 ignes
1421 819 1608 912 pejus
1641 829 1894 888 metuet
1927 856 1944 888 2
2007 836 2214 907 quam
2268 834 2421 883 cum
2467 810 2816 904 proximus
2854 804 3037 878 ardet
3087 797 3443 898 Ucalegon.
3521 798 3793 876 Venam

841 917 969 993 fibi
1023 920 1218 991 secari
1266 916 1404 988 non
1449 917 1733 1009 patietur
1759 964 1784 1001 ,
1838 905 1958 984 nisi
1997 913 2346 1004 impetrata
2398 902 2438 972 ὲ
2490 908 2763 1001 planetis
2827 904 3043 975 venia.
3117 903 3351 975 Semen
3404 918 3602 974 terrae
3655 926 3796 973 non

844 1045 924 1092 co
950 1019 1218 1091 nmittet
1239 1066 1264 1101 ,
1338 1038 1491 1085 cum
1537 1034 1709 1086 terra
1735 1062 1760 1098 ,
1810 1007 1917 1081 sed
1964 1033 2127 1081 cum
2169 1009 2360 1080 Luna
2398 1004 2464 1077 id
2509 1001 2770 1097 jufferit.
2912 1003 3129 1093 Caput
3170 999 3430 1071 'tonderi
3474 995 3744 1089 jubebit
3767 1047 3791 1084 ‚

845 1141 1000 1190 cum
1079 1116 1272 1188 Luna
1324 1111 1415 1183 est
1487 1131 1604 1183 aut
1655 1112 1724 1181 in
1794 1110 2014 1180 Leone
2037 1158 2062 1194 ‚
2130 1128 2206 1177 ut
2255 1104 2466 1197 oepilli
2514 1101 2705 1174 instar
2744 1102 3056 1176 villorum
3108 1098 3553 1170 Leoninorum
3604 1091 3795 1192 riges·

849 1235 1003 1288 cant
1034 1263 1057 1299 ‚
1113 1231 1229 1283 aut
1282 1211 1352 1282 in
1397 1212 1617 1283 Ariete
1645 1258 1668 1294 ,
1717 1227 1794 1279 ut
1834 1204 2028 1277 instar
2075 1227 2403 1275 cornuum
2466 1202 2895 1272 arietinorum
2947 1192 3326 1289 crispentur.
3449 1193 3792 1287 Qicquid

853 1310 1128 1390 crescere
1172 1309 1351 1383 volet
1373 1359 1393 1394 ,
1446 1305 1763 1380 crescente
1804 1304 1932 1375 hoc
1974 1299 2227 1385 sidere3
2258 1299 2438 1395 quod
2482 1294 2710 1371 senfim
2762 1296 3078 1381 diminui,
3110 1289 3509 1366 decrescente
3562 1293 3789 1364 incho-

860 1407 1021 1483 abit.
1098 1408 1276 1480 Cum
1311 1408 1383 1475 in
1432 1406 1661 1479 Tauro
1720 1403 1911 1474 Luna
1970 1399 2062 1472 est
2085 1451 2108 1484 ‚
2175 1420 2517 1491 nunquam
2560 1395 2794 1468 adduci
2837 1397 3081 1488 poterit
3114 1444 3139 1480 ‚
3217 1411 3295 1464 ut
3346 1389 3793 1468 medicamen.

837 1517 931 1579 ”ta
976 1506 1232 1580 hauriat
1253 1554 1278 1593 ‚
1336 1528 1422 1575 ne
1468 1501 1708 1575 animal
1753 1501 1881 1573 hoc
1924 1500 2259 1573 ruminans
2306 1494 2859 1569 medicamentum
2911 1514 3216 1565 evomere
3264 1509 3477 1587 cogat.

1033 1697 1318 1771 -Vitabit
1365 1722 1544 1771 mare
1570 1744 1593 1781 ,
1635 1695 1889 1791 quoties
1941 1695 2126 1769 Mars
2179 1690 2270 1772 est
2322 1692 2392 1763 in
2453 1687 2671 1762 medio
2714 1681 2915 1774 coe'i,
2954 1713 3049 1759 ne
3086 1687 3369 1760 Bellator
3415 1684 3539 1759 iste
3598 1683 3789 1756 Deus

859 1803 1102 1894 piratas
1138 1795 1438 1869 adversus
1488 1795 1547 1868 se
1599 1795 1869 1868 suscitet.
1954 1791 2274 1867 Arborem
2327 1790 2489 1863 seret
2538 1790 2605 1859 in
2638 1785 2867 1861 Tauro
2898 1837 2922 1873 ‚
2984 1807 3061 1858 ut
3100 1782 3359 1879 iignum
3409 1785 3560 1872 hoc,
3603 1785 3782 1877 quod

866 1898 1081 1971 fixum
1125 1896 1481 1989 Astrologis
1545 1894 1863 1989 appellate
1916 1893 2129 1986 placet
2175 1940 2198 1976 ,
2256 1889 2455 1962 altius
2504 1910 2651 1958 eam
2695 1885 2763 1957 in
2809 1903 2983 1957 terra
3025 1882 3295 1978 defigat.
3400 1884 3467 1957 Si
3512 1884 3779 1976 quando

859 1996 1046 2067 ‘adire
1095 1996 1295 2085 γρῐιεεη
1327 1994 1737 2088 Principem3
1787 1987 2202 2084 expectabit,
2255 1989 2465 2060 donec
2512 1984 2700 2056 Luna
2747 1979 3150 2055 consocietur
3192 1982 3369 2054 Soli:
3416 2001 3564 2054 tum
3606 1981 3781 2053 enim

867 2089 1157 2176 salutaris
1209 2089 1299 2162 est
1355 2091 1625 2162 minoris
1674 2112 1828 2161 cum
1887 2087 2139 2180 majore
2186 2083 2469 2160 societas.
2625 2085 2852 2155 Domo
2920 2082 3248 2175 egrediens
3276 2132 3301 2169 ,
3352 2078 3518 2154 nihil
3580 2081 3782 2172 magis

866 2205 1163 2275 metuet,
1212 2211 1413 2281 quam
1465 2188 1670 2260 invidi
1709 2187 1886 2259 oculi
1923 2184 2327 2280 aspetffilm.-
2378 2184 2674 2277 Peregre
2710 2173 2944 2250 abiens
2988 2179 3128 2271 lupi
3177 2204 3315 2254 non
3347 2197 3491 2250 tam
3544 2177 3779 2248 dentes.

862 2284 1167 2373 timebit,
1222 2310 1422 2379 quam
1466 2283 1896 2378 improvisum
1930 2285 2247 2355 intuitum
2272 2330 2297 2367 ‚
2347 2277 2432 2353 'ne
2486 2288 2538 2356 is
2572 2277 2949 2352 facultatem
2984 2273 3108 2348 sibi
3145 2277 3451 2371 loquendi
3501 2274 3761 2345 adimat.

866 2385 1171 2456 Domum
1211 2381 1500 2456 reversus
1548 2382 1883 2455 verebitur
1926 2377 2283 2452 identidem
2310 2426 2335 2463 ‚
2398 2407 2482 2454 ne
2530 2379 2701 2453 forte
2748 2372 3072 2449 Basiliscus
3141 2400 3224 2447 ex
3284 2400 3417 2449 ovo
3471 2372 3619 2468 galli
3676 2369 3773 2442 sui

865 2484 1145 2583 prodeat
1171 2532 1196 2569 ‚
1245 2483 1358 2575 qui
1405 2499 1730 2554 venenato
1787 2476 1851 2550 fia
1908 2476 2167 2573 aspectu
2221 2476 2585 2553 interficiat.

1057 2677 1350 2770 'Optaret
1391 2677 1655 2772 quidem
1682 2726 1703 2764 ‚
1740 2691 1820 2747 ut
1846 2672 2025 2748 bona
2056 2671 2167 2745 sua
2193 2672 2338 2767 post
2370 2693 2687 2748 mortem-
2710 2671 2793 2747 ad
2841 2659 3256 2745 amicissimos
3293 2667 3577 2742 redirent
3602 2719 3625 2755 ‚
3659 2661 3764 2740 sed

865 2776 1129 2846 mavult
1171 2776 1384 2850 nescio
1436 2773 1675 2869 quibus
1711 2797 1790 2846 ea
1829 2774 2189 2867 relinquere
2214 2823 2240 2859 ,
2282 2797 2484 2866 quam
2522 2771 2981 2846 testamentum
3032 2769 3310 2844 condere
3335 2816 3358 2853 ,
3426 2789 3720 2841 metuens
3745 2815 3768 2854 ‚

863 2895 954 2941 ne
1008 2870 1223 2942 statim
1294 2876 1333 2943 a
1406 2875 1671 2945 condito
1730 2872 2114 2944 testamento
2164 2874 2503 2946 moriatur.
2641 2873 2903 2944 Annum
2959 2868 3461 2940 climac‘tericum
3507 2886 3775 2960 praeter·-

860 2964 1144 3061 ‘greffum
1195 2994 1359 3039 non.
1383 2971 1564 3040 aliter
1608 2966 1940 3061 laetabitur
1965 3019 1988 3054 ,
2036 2992 2112 3038 ac
2170 2966 2216 3037 fi
2262 2994 2346 3038 ex
2401 2972 2630 3043 mortis
2680 2971 2936 3063 ungulis
2956 2964 3199 3061 elapsus
3224 2962 3391 3038 effet-
3508 2966 3575 3039 Si
3600 2963 3779 3039 forte

864 3062 1249 3136 vulneratur
1274 3116 1299 3151 ,
1346 3083 1757 3159 unguentum
1781 3089 1916 3135 non
1934 3060 2188 3134 vulneri
2208 3114 2229 3147 ,
2252 3062 2359 3134 scd
2381 3116 2404 3151 ‚
2438 3066 2620 3160 quod
2651 3064 2976 3138 efficacius
3003 3064 3092 3137 est
3142 3116 3170 3153 ‚
3207 3064 3338 3137 telo
3364 3113 3389 3150 ,
3449 3088 3587 3157 quo
3634 3063 3773 3135 sau-

869 3163 1070 3234 ciatus
1117 3162 1207 3234 est
1231 3214 1260 3251 ‚
1311 3164 1548 3235 allinet.
1681 3162 1987 3254 AEgrotus
2033 3158 2435 3254 praescriptas
2472 3163 2700 3256 pilulas
2762 3165 2900 3257 pari
2957 3188 3233 3234 numero
3291 3186 3632 3255 nunquam
3672 3162 3783 3235 de-

866 3262 1097 3357 ‘glutiet
1147 3291 1167 3329 .·
1220 3259 1432 3335 herbis
1480 3285 1616 3332 non
1671 3278 1896 3331 utetur
1925 3311 1948 3349 ‚
1998 3255 2116 3330 nisi
2167 3256 2375 3333 fausta
2433 3263 2719 3355 quadam
2765 3265 2926 3335 hora
2979 3261 3312 3354 decerptis.
3442 3257 3777 3332 Morbum

864 3380 1044 3430 nova
1098 3360 1380 3454 quadam
1422 3381 1559 3431 arte
1605 3359 1798 3430 instar
1839 3358 2142 3453 germinis
2191 3360 2692 3453 transplantabit
2725 3412 2748 3447 ,
2805 3360 3038 3453 cuique
3087 3362 3272 3437 volet
3338 3355 3552 3445 arbori
3604 3356 3772 3428 inse-

866 3466 985 3527 ret.
1105 3458 1369 3530 Febrim
1421 3483 1555 3530 non
1613 3459 1973 3552 pharmacis
2007 3456 2327 3555 expellet,
2395 3455 2502 3530 sed
2534 3512 2557 3547 ,
2594 3458 2775 3552 quod
2801 3457 3178 3553 praesentius
3221 3457 3313 3529 est
3350 3455 3715 3527 remedium
3747 3504 3773 3541 ‚

867 3576 1118 3645 ungues
1166 3556 1439 3627 resectos
1499 3581 1862 3650 cunctoque
1909 3557 2202 3650 alligatos
2275 3553 2535 3627 aversus
2585 3558 2729 3650 post
2781 3576 3085 3648 tergum,
3124 3574 3208 3626 ut
3256 3554 3627 3626 Deucalion
3688 3555 3781 3626 la—

865 3653 1044 3744 pides
1098 3678 1180 3724 ex
1224 3652 1467 3748 quibus
1518 3678 1773 3726 novum
1829 3655 2178 3724 hominum
2220 3676 2425 3745 genus
2483 3651 2707 3725 ortum
2759 3654 2849 3725 est
2874 3703 2897 3737 ,
2949 3655 3017 3723 in
3076 3654 3459 3746 proximum
3520 3651 3779 3723 flumen

865 3750 1180 3842 projiciet.
1217 3816 1224 3823 .
1327 3750 1649 3847 Adversus
1695 3748 1977 3842 quodvis
2022 3749 2275 3820 malum
2319 3754 2573 3822 muniet
2625 3750 2687 3821 se
2741 3750 2984 3822 annulo
3011 3800 3034 3836 ,
3086 3752 3191 3822 cui
3238 3749 3646 3823 benevolum
3696 3747 3779 3820 fi·

866 3847 1096 3917 derum
1149 3845 1477 3941 aspet‘tum
1515 3847 1895 3939 felicemque
1937 3849 2168 3917 horam
2210 3845 2481 3938 jamjam
2527 3850 3138 3941 praetervolaturam
3165 3900 3188 3935 ,
3246 3847 3529 3919 mirabili
3609 3847 3780 3918 cele·-

859 3946 1055 4015 -ritate
1089 3944 1618 4037 comprehensam
1671 3968 1867 4037 atque
1918 3945 2253 4015 detentam
2295 3942 2529 4015 infixit.
2635 3945 2818 4019 Nihil
2850 3947 3127 4037 deniqne
3153 3964 3288 4017 tam
3318 3942 3583 4017 difficile
3618 3947 3777 4030 erit,

865 4042 1049 4208 quold
1089 4062 1515 4114 numerortun
1544 4093 1569 4131 ‚
1628 4042 1808 4138 quod
1839 4040 2225 4115 -verborum
2253 4088 2278 4127 ,
2308 4062 2506 4135 atque
2526 4043 2978 4118 characterum
3001 4041 3231 4117 virtuti
3272 4069 3417 4116 non
3461 4044 3781 4135 pervium

855 4162 968 4215 ere
1016 4157 1098 4208 et.

903 4432 917 4450 .
1057 4334 1158 4405 En
1188 4328 1578 4430 superstitiosi
1613 4329 1812 4413 nostri
1857 4338 2174 4433 inmg'inem
2195 4384 2216 4418 ‚
2261 4357 2414 4431 qnae
2460 4328 2508 4412 si
2557 4341 2660 4415 cui
2699 4336 3122 4435 hyperbolica
3166 4336 3426 4413 videtur
3459 4391 3483 4427 ‚
3540 4328 3780 4431 agnoss

851 4446 1070 4546 *kirnus
1101 4485 1122 4518 ,
1155 4435 1282 4506 huc
1306 4436 1507 4529 usque
1545 4436 1806 4509 insaniae
1849 4460 1984 4508 non
2033 4461 2262 4508 omnes
2290 4441 2510 4510 venire
2538 4468 2558 4519 3
2590 4441 2757 4511 hanc
2786 4439 3005 4530 judicii
3046 4439 3499 4531 intemperiem
3532 4437 3601 4506 in
3627 4438 3778 4508 aliis

856 4549 1179 4643 majorem
1204 4584 1227 4620 ‚
1283 4537 1606 4603 minorem
1649 4535 1716 4605 in
1761 4533 1896 4607 aliis
1924 4530 2060 4605 effe.
2163 4535 2246 4607 At
2274 4532 2682 4626 reperiuntur
2715 4539 2884 4611 certe
2909 4588 2930 4624 ,
2959 4541 3070 4629 qui
3103 4539 3249 4610 haec
3277 4558 3478 4629 prope
3504 4536 3775 4620 emnia,

851 4629 1081 4725 hisque
1117 4628 1264 4724 ipfis
1308 4631 1629 4723 ineptiora
1687 4634 1754 4706 ἃ
1792 4631 2061 4706 credunt
2106 4633 2172 4705 &
2212 4628 2607 4725 profitentur
2642 4660 2660 4706 ε
2746 4654 2891 4708 tum
2936 4659 3093 4713 vero
3116 4685 3142 4726 .,
3202 4631 3259 4707 fi
3301 4637 3444 4728 quis
3491 4626 3775 4704 rationis

1530 4756 1533 4760 “
1643 4764 1682 4775 ··
2430 4747 2439 4755 '
3260 4794 3271 4805 .
3462 4727 3734 4801 limites
