<?xml version="1.0" encoding="UTF-8"?>
<!DOCTYPE html PUBLIC "-//W3C//DTD XHTML 1.0 Transitional//EN"
    "http://www.w3.org/TR/xhtml1/DTD/xhtml1-transitional.dtd">
<html xmlns="http://www.w3.org/1999/xhtml" xml:lang="en" lang="en">
 <head>
  <title>
</title>
<meta http-equiv="Content-Type" content="text/html;charset=utf-8" />
  <meta name='ocr-system' content='tesseract 3.04.00' />
  <meta name='ocr-capabilities' content='ocr_page ocr_carea ocr_par ocr_line ocrx_word'/>
</head>
<body>
  <div class='ocr_page' id='page_1' title='image "./opusculatheolog00weregoog/opusculatheolog00weregoog_0246.png"; bbox 0 0 4188 5670; ppageno 0'>
   <div class='ocr_carea' id='block_1_1' title="bbox 957 350 3162 461">
    <p class='ocr_par' dir='ltr' id='par_1_1' title="bbox 957 350 3162 461">
     <span class='ocr_line' id='line_1_1' title="bbox 957 350 3162 461; baseline -0.004 -19"><span class='ocrx_word' id='word_1_1' title='bbox 957 381 1104 461; x_wconf 73' lang='lat'><em>208</em></span> <span class='ocrx_word' id='word_1_2' title='bbox 1337 362 1888 459; x_wconf 69' lang='lat' dir='ltr'><em>Jun1c1um</em></span> <span class='ocrx_word' id='word_1_3' title='bbox 1955 379 2090 439; x_wconf 73' lang='lat' dir='ltr'><em>De</em></span> <span class='ocrx_word' id='word_1_4' title='bbox 2161 352 2572 439; x_wconf 69' lang='lat' dir='ltr'><em>Annum.</em></span> <span class='ocrx_word' id='word_1_5' title='bbox 2641 350 3162 438; x_wconf 64' lang='lat' dir='ltr'><em>Cenrts‘n</em></span> 
     </span>
    </p>
   </div>
   <div class='ocr_carea' id='block_1_2' title="bbox 945 534 3894 1035">
    <p class='ocr_par' dir='ltr' id='par_1_2' title="bbox 945 534 3894 1035">
     <span class='ocr_line' id='line_1_2' title="bbox 962 534 3891 645; baseline -0.006 -21"><span class='ocrx_word' id='word_1_6' title='bbox 962 556 1284 625; x_wconf 82' lang='lat' dir='ltr'><em>cinaretur</em></span> <span class='ocrx_word' id='word_1_7' title='bbox 1321 596 1345 632; x_wconf 85' lang='lat'>,</span> <span class='ocrx_word' id='word_1_8' title='bbox 1385 566 1523 638; x_wconf 90' lang='lat' dir='ltr'><em>quo</em></span> <span class='ocrx_word' id='word_1_9' title='bbox 1563 534 1887 614; x_wconf 79' lang='lat' dir='ltr'><em>Cartefius</em></span> <span class='ocrx_word' id='word_1_10' title='bbox 1913 589 1936 626; x_wconf 87' lang='lat'>‚</span> <span class='ocrx_word' id='word_1_11' title='bbox 1990 535 2042 611; x_wconf 86' lang='lat' dir='ltr'><strong>fi</strong></span> <span class='ocrx_word' id='word_1_12' title='bbox 2081 540 2227 629; x_wconf 77' lang='lat' dir='ltr'><em>quis</em></span> <span class='ocrx_word' id='word_1_13' title='bbox 2276 540 2519 616; x_wconf 86' lang='lat' dir='ltr'><em>diceret</em></span> <span class='ocrx_word' id='word_1_14' title='bbox 2569 571 2591 614; x_wconf 73' lang='grc' dir='ltr'><strong>ε</strong></span> <span class='ocrx_word' id='word_1_15' title='bbox 2662 549 2830 631; x_wconf 83' lang='lat' dir='ltr'><em>Cum</em></span> <span class='ocrx_word' id='word_1_16' title='bbox 2876 549 3066 639; x_wconf 85' lang='lat' dir='ltr'><em>cogito</em></span> <span class='ocrx_word' id='word_1_17' title='bbox 3104 545 3367 645; x_wconf 69' lang='lat' dir='ltr'><em>figuram</em></span> <span class='ocrx_word' id='word_1_18' title='bbox 3402 546 3891 641; x_wconf 56' lang='lat' dir='ltr'><em>triangularmg</em></span> 
     </span>
     <span class='ocr_line' id='line_1_3' title="bbox 945 635 3894 746; baseline -0.003 -23"><span class='ocrx_word' id='word_1_19' title='bbox 945 649 1137 746; x_wconf 83' lang='lat' dir='ltr'><em>facile</em></span> <span class='ocrx_word' id='word_1_20' title='bbox 1173 646 1435 738; x_wconf 71' lang='lat' dir='ltr'><em>intelligo</em></span> <span class='ocrx_word' id='word_1_21' title='bbox 1454 695 1479 731; x_wconf 87' lang='lat'><em>,</em></span> <span class='ocrx_word' id='word_1_22' title='bbox 1534 665 1630 713; x_wconf 86' lang='lat' dir='ltr'><em>me</em></span> <span class='ocrx_word' id='word_1_23' title='bbox 1673 645 1859 710; x_wconf 77' lang='lat' dir='ltr'><em>etiam</em></span> <span class='ocrx_word' id='word_1_24' title='bbox 1906 666 1983 711; x_wconf 80' lang='lat' dir='ltr'><em>ex</em></span> <span class='ocrx_word' id='word_1_25' title='bbox 2020 635 2274 728; x_wconf 80' lang='lat' dir='ltr'><em>adverfh</em></span> <span class='ocrx_word' id='word_1_26' title='bbox 2326 649 2586 729; x_wconf 61' lang='lat' dir='ltr'><em>cogitare</em></span> <span class='ocrx_word' id='word_1_27' title='bbox 2630 639 2787 734; x_wconf 76' lang='lat' dir='ltr'><em>poffi·</em></span> <span class='ocrx_word' id='word_1_28' title='bbox 2807 645 3084 736; x_wconf 79' lang='lat' dir='ltr'><em>figuram</em></span> <span class='ocrx_word' id='word_1_29' title='bbox 3122 667 3240 715; x_wconf 86' lang='lat' dir='ltr'><em>non</em></span> <span class='ocrx_word' id='word_1_30' title='bbox 3285 643 3725 738; x_wconf 79' lang='lat' dir='ltr'><em>triangularem</em></span> <span class='ocrx_word' id='word_1_31' title='bbox 3744 698 3767 733; x_wconf 88' lang='lat'>‚</span> <span class='ocrx_word' id='word_1_32' title='bbox 3795 675 3894 723; x_wconf 82' lang='lat' dir='ltr'><em>nec</em></span> 
     </span>
     <span class='ocr_line' id='line_1_4' title="bbox 954 736 3890 842; baseline -0.003 -22"><span class='ocrx_word' id='word_1_33' title='bbox 954 742 1204 842; x_wconf 79' lang='lat' dir='ltr'><em>proinde</em></span> <span class='ocrx_word' id='word_1_34' title='bbox 1248 745 1412 816; x_wconf 65' lang='lat' dir='ltr'><em>idam</em></span> <span class='ocrx_word' id='word_1_35' title='bbox 1470 758 1760 812; x_wconf 84' lang='lat' dir='ltr'><em>naturam</em></span> <span class='ocrx_word' id='word_1_36' title='bbox 1803 739 2018 810; x_wconf 78' lang='lat' dir='ltr'><em>veram</em></span> <span class='ocrx_word' id='word_1_37' title='bbox 2067 738 2283 811; x_wconf 85' lang='lat' dir='ltr'><em>babere</em></span> <span class='ocrx_word' id='word_1_38' title='bbox 2336 736 2429 825; x_wconf 49' lang='grc' dir='ltr'><em>Εὖ)</em></span> <span class='ocrx_word' id='word_1_39' title='bbox 2483 739 2931 813; x_wconf 76' lang='lat' dir='ltr'><em>immutabilem</em></span> <span class='ocrx_word' id='word_1_40' title='bbox 2971 758 2992 804; x_wconf 73' lang='grc' dir='ltr'><em>τ</em></span> <span class='ocrx_word' id='word_1_41' title='bbox 3026 740 3090 829; x_wconf 83' lang='grc' dir='ltr'><em>]ἱ</em></span> <span class='ocrx_word' id='word_1_42' title='bbox 3134 764 3278 814; x_wconf 87' lang='lat' dir='ltr'><em>vero</em></span> <span class='ocrx_word' id='word_1_43' title='bbox 3315 747 3501 838; x_wconf 83' lang='lat' dir='ltr'><em>cogito</em></span> <span class='ocrx_word' id='word_1_44' title='bbox 3546 744 3842 837; x_wconf 81' lang='lat' dir='ltr'><em>Pegasum</em></span> <span class='ocrx_word' id='word_1_45' title='bbox 3864 797 3890 834; x_wconf 86' lang='lat'>,</span> 
     </span>
     <span class='ocr_line' id='line_1_5' title="bbox 960 834 3891 942; baseline 0 -24"><span class='ocrx_word' id='word_1_46' title='bbox 960 866 1100 919; x_wconf 79' lang='lat' dir='ltr'><em>tum</em></span> <span class='ocrx_word' id='word_1_47' title='bbox 1146 869 1291 915; x_wconf 87' lang='lat' dir='ltr'><em>vero</em></span> <span class='ocrx_word' id='word_1_48' title='bbox 1319 893 1341 927; x_wconf 87' lang='lat'><em>,</em></span> <span class='ocrx_word' id='word_1_49' title='bbox 1387 860 1762 940; x_wconf 73' lang='lat' dir='ltr'><em>quacunque</em></span> <span class='ocrx_word' id='word_1_50' title='bbox 1814 839 1883 904; x_wconf 84' lang='lat' dir='ltr'><em>in</em></span> <span class='ocrx_word' id='word_1_51' title='bbox 1929 838 2075 909; x_wconf 85' lang='lat' dir='ltr'><em>Idea</em></span> <span class='ocrx_word' id='word_1_52' title='bbox 2123 834 2329 933; x_wconf 84' lang='lat' dir='ltr'><em>Pegafi</em></span> <span class='ocrx_word' id='word_1_53' title='bbox 2365 845 2654 912; x_wconf 82' lang='lat' dir='ltr'><em>contineri</em></span> <span class='ocrx_word' id='word_1_54' title='bbox 2703 835 3129 932; x_wconf 75' lang='lat' dir='ltr'><em>deprehendam</em></span> <span class='ocrx_word' id='word_1_55' title='bbox 3165 886 3187 922; x_wconf 83' lang='lat'>,</span> <span class='ocrx_word' id='word_1_56' title='bbox 3241 854 3321 910; x_wconf 85' lang='lat' dir='ltr'><em>ut</em></span> <span class='ocrx_word' id='word_1_57' title='bbox 3367 839 3538 942; x_wconf 76' lang='lat' dir='ltr'><em>quod</em></span> <span class='ocrx_word' id='word_1_58' title='bbox 3579 839 3891 941; x_wconf 58' lang='lat' dir='ltr'><em>habeata-</em></span> 
     </span>
     <span class='ocr_line' id='line_1_6' title="bbox 968 933 2352 1035; baseline -0.008 -16"><span class='ocrx_word' id='word_1_59' title='bbox 968 948 1060 1033; x_wconf 71' lang='lat' dir='ltr'><em>las</em></span> <span class='ocrx_word' id='word_1_60' title='bbox 1075 994 1100 1031; x_wconf 86' lang='lat'><em>,</em></span> <span class='ocrx_word' id='word_1_61' title='bbox 1166 943 1241 1014; x_wconf 85' lang='lat' dir='ltr'><em>de</em></span> <span class='ocrx_word' id='word_1_62' title='bbox 1287 939 1497 1035; x_wconf 80' lang='lat' dir='ltr'><em>Pegaso</em></span> <span class='ocrx_word' id='word_1_63' title='bbox 1539 960 1684 1009; x_wconf 87' lang='lat' dir='ltr'><em>cum</em></span> <span class='ocrx_word' id='word_1_64' title='bbox 1723 937 2004 1009; x_wconf 75' lang='lat' dir='ltr'><em>veritate</em></span> <span class='ocrx_word' id='word_1_65' title='bbox 2023 933 2352 1025; x_wconf 75' lang='lat' dir='ltr'><em>affimtabo.</em></span> 
     </span>
    </p>
   </div>
   <div class='ocr_carea' id='block_1_3' title="bbox 899 1092 3890 2276">
    <p class='ocr_par' dir='ltr' id='par_1_3' title="bbox 899 1092 3890 2276">
     <span class='ocr_line' id='line_1_7' title="bbox 1176 1092 3890 1195; baseline 0.001 -24"><span class='ocrx_word' id='word_1_66' title='bbox 1176 1098 1243 1171; x_wconf 84' lang='lat' dir='ltr'><em>Si</em></span> <span class='ocrx_word' id='word_1_67' title='bbox 1296 1123 1379 1170; x_wconf 86' lang='lat' dir='ltr'><em>ex</em></span> <span class='ocrx_word' id='word_1_68' title='bbox 1427 1097 1556 1170; x_wconf 89' lang='lat' dir='ltr'><em>hoc</em></span> <span class='ocrx_word' id='word_1_69' title='bbox 1573 1149 1595 1185; x_wconf 92' lang='lat'><em>‚</em></span> <span class='ocrx_word' id='word_1_70' title='bbox 1641 1099 1820 1192; x_wconf 87' lang='lat' dir='ltr'><em>quod</em></span> <span class='ocrx_word' id='word_1_71' title='bbox 1860 1092 2079 1167; x_wconf 85' lang='lat' dir='ltr'><em>babere</em></span> <span class='ocrx_word' id='word_1_72' title='bbox 2140 1094 2271 1168; x_wconf 91' lang='lat' dir='ltr'><em>alas</em></span> <span class='ocrx_word' id='word_1_73' title='bbox 2317 1117 2454 1165; x_wconf 88' lang='lat' dir='ltr'><em>non</em></span> <span class='ocrx_word' id='word_1_74' title='bbox 2497 1092 2780 1190; x_wconf 87' lang='lat' dir='ltr'><em>pertinet</em></span> <span class='ocrx_word' id='word_1_75' title='bbox 2858 1092 2943 1167; x_wconf 82' lang='lat' dir='ltr'><em>ad</em></span> <span class='ocrx_word' id='word_1_76' title='bbox 3008 1112 3299 1167; x_wconf 78' lang='lat' dir='ltr'><em>naturam</em></span> <span class='ocrx_word' id='word_1_77' title='bbox 3340 1098 3484 1195; x_wconf 86' lang='lat' dir='ltr'><em>equi</em></span> <span class='ocrx_word' id='word_1_78' title='bbox 3517 1144 3542 1182; x_wconf 88' lang='lat'>‚</span> <span class='ocrx_word' id='word_1_79' title='bbox 3606 1097 3890 1194; x_wconf 83' lang='lat' dir='ltr'><em>sequitur</em></span> 
     </span>
     <span class='ocr_line' id='line_1_8' title="bbox 899 1188 3886 1295; baseline 0.001 -27"><span class='ocrx_word' id='word_1_80' title='bbox 899 1250 906 1261; x_wconf 91' lang='lat'>.</span> <span class='ocrx_word' id='word_1_81' title='bbox 973 1190 1262 1288; x_wconf 78' lang='lat' dir='ltr'><em>Pegasum</em></span> <span class='ocrx_word' id='word_1_82' title='bbox 1309 1193 1444 1268; x_wconf 85' lang='lat' dir='ltr'><em>five</em></span> <span class='ocrx_word' id='word_1_83' title='bbox 1502 1222 1728 1295; x_wconf 80' lang='lat' dir='ltr'><em>equum</em></span> <span class='ocrx_word' id='word_1_84' title='bbox 1774 1198 2014 1267; x_wconf 85' lang='lat' dir='ltr'><em>alatum</em></span> <span class='ocrx_word' id='word_1_85' title='bbox 2035 1243 2058 1279; x_wconf 87' lang='lat'>,</span> <span class='ocrx_word' id='word_1_86' title='bbox 2112 1218 2249 1264; x_wconf 87' lang='lat' dir='ltr'><em>non</em></span> <span class='ocrx_word' id='word_1_87' title='bbox 2305 1188 2546 1267; x_wconf 87' lang='lat' dir='ltr'><em>habere</em></span> <span class='ocrx_word' id='word_1_88' title='bbox 2594 1212 2887 1265; x_wconf 78' lang='lat' dir='ltr'><em>naturam</em></span> <span class='ocrx_word' id='word_1_89' title='bbox 2929 1216 3143 1266; x_wconf 83' lang='lat' dir='ltr'><em>veram</em></span> <span class='ocrx_word' id='word_1_90' title='bbox 3192 1188 3258 1265; x_wconf 82' lang='lat'>&amp;</span> <span class='ocrx_word' id='word_1_91' title='bbox 3302 1195 3791 1270; x_wconf 64' lang='lat' dir='ltr'><em>immutabilem:</em></span> <span class='ocrx_word' id='word_1_92' title='bbox 3814 1197 3886 1272; x_wconf 67' lang='lat' dir='ltr'><em>sp.</em></span> 
     </span>
     <span class='ocr_line' id='line_1_9' title="bbox 974 1291 3885 1394; baseline 0.002 -29"><span class='ocrx_word' id='word_1_93' title='bbox 974 1293 1251 1380; x_wconf 78' lang='lat' dir='ltr'><em>militer,</em></span> <span class='ocrx_word' id='word_1_94' title='bbox 1305 1318 1386 1367; x_wconf 82' lang='lat' dir='ltr'><em>ex</em></span> <span class='ocrx_word' id='word_1_95' title='bbox 1424 1295 1548 1366; x_wconf 87' lang='lat' dir='ltr'><em>hoc</em></span> <span class='ocrx_word' id='word_1_96' title='bbox 1579 1346 1601 1380; x_wconf 88' lang='lat'><em>‚</em></span> <span class='ocrx_word' id='word_1_97' title='bbox 1664 1295 1844 1388; x_wconf 86' lang='lat' dir='ltr'><em>quo&#39;d</em></span> <span class='ocrx_word' id='word_1_98' title='bbox 1885 1291 2102 1367; x_wconf 86' lang='lat' dir='ltr'><em>babere</em></span> <span class='ocrx_word' id='word_1_99' title='bbox 2148 1309 2271 1363; x_wconf 87' lang='lat' dir='ltr'><em>tres</em></span> <span class='ocrx_word' id='word_1_100' title='bbox 2309 1293 2558 1387; x_wconf 73' lang='lat' dir='ltr'><em>angulos</em></span> <span class='ocrx_word' id='word_1_101' title='bbox 2607 1317 2748 1365; x_wconf 90' lang='lat' dir='ltr'><em>non</em></span> <span class='ocrx_word' id='word_1_102' title='bbox 2794 1293 3074 1385; x_wconf 81' lang='lat' dir='ltr'><em>pertinet</em></span> <span class='ocrx_word' id='word_1_103' title='bbox 3126 1291 3207 1365; x_wconf 86' lang='lat' dir='ltr'><em>ad</em></span> <span class='ocrx_word' id='word_1_104' title='bbox 3268 1311 3574 1365; x_wconf 82' lang='lat' dir='ltr'><em>naturam</em></span> <span class='ocrx_word' id='word_1_105' title='bbox 3618 1296 3840 1394; x_wconf 71' lang='lat' dir='ltr'><em>figura</em></span> <span class='ocrx_word' id='word_1_106' title='bbox 3859 1351 3885 1388; x_wconf 88' lang='lat'>,</span> 
     </span>
     <span class='ocr_line' id='line_1_10' title="bbox 977 1387 3886 1488; baseline 0.003 -26"><span class='ocrx_word' id='word_1_107' title='bbox 977 1389 1262 1484; x_wconf 87' lang='lat' dir='ltr'><em>sequitur</em></span> <span class='ocrx_word' id='word_1_108' title='bbox 1287 1395 1667 1488; x_wconf 84' lang='lat' dir='ltr'><em>triangulum</em></span> <span class='ocrx_word' id='word_1_109' title='bbox 1681 1393 1819 1483; x_wconf 82' lang='lat' dir='ltr'><em>sive</em></span> <span class='ocrx_word' id='word_1_110' title='bbox 1832 1394 2101 1486; x_wconf 83' lang='lat' dir='ltr'><em>figuram</em></span> <span class='ocrx_word' id='word_1_111' title='bbox 2155 1391 2597 1485; x_wconf 83' lang='lat' dir='ltr'><em>triangularem</em></span> <span class='ocrx_word' id='word_1_112' title='bbox 2642 1414 2777 1462; x_wconf 89' lang='lat' dir='ltr'><em>non</em></span> <span class='ocrx_word' id='word_1_113' title='bbox 2820 1387 3060 1463; x_wconf 83' lang='lat' dir='ltr'><em>habere</em></span> <span class='ocrx_word' id='word_1_114' title='bbox 3094 1413 3308 1462; x_wconf 82' lang='lat' dir='ltr'><em>veram</em></span> <span class='ocrx_word' id='word_1_115' title='bbox 3337 1388 3886 1477; x_wconf 73' lang='lat' dir='ltr'><em>&amp;immutabilem</em></span> 
     </span>
     <span class='ocr_line' id='line_1_11' title="bbox 973 1486 3873 1588; baseline 0.002 -26"><span class='ocrx_word' id='word_1_116' title='bbox 973 1508 1285 1562; x_wconf 84' lang='lat' dir='ltr'><em>naturam.</em></span> <span class='ocrx_word' id='word_1_117' title='bbox 1408 1492 1539 1578; x_wconf 88' lang='lat' dir='ltr'><em>At,</em></span> <span class='ocrx_word' id='word_1_118' title='bbox 1600 1488 1651 1561; x_wconf 86' lang='lat' dir='ltr'>fi</span> <span class='ocrx_word' id='word_1_119' title='bbox 1679 1492 1715 1561; x_wconf 81' lang='grc' dir='ltr'>ὲ</span> <span class='ocrx_word' id='word_1_120' title='bbox 1746 1491 2075 1564; x_wconf 84' lang='lat' dir='ltr'><em>contrario</em></span> <span class='ocrx_word' id='word_1_121' title='bbox 2124 1507 2361 1560; x_wconf 83' lang='lat' dir='ltr'><em>natura</em></span> <span class='ocrx_word' id='word_1_122' title='bbox 2397 1490 2696 1585; x_wconf 83' lang='lat' dir='ltr'><em>trianguli</em></span> <span class='ocrx_word' id='word_1_123' title='bbox 2746 1514 2900 1560; x_wconf 85' lang='lat' dir='ltr'><em>vera</em></span> <span class='ocrx_word' id='word_1_124' title='bbox 2948 1487 3038 1560; x_wconf 87' lang='lat' dir='ltr'><em>est</em></span> <span class='ocrx_word' id='word_1_125' title='bbox 3071 1491 3136 1561; x_wconf 87' lang='lat'>&amp;</span> <span class='ocrx_word' id='word_1_126' title='bbox 3175 1486 3605 1561; x_wconf 85' lang='lat' dir='ltr'><em>immutabilis</em></span> <span class='ocrx_word' id='word_1_127' title='bbox 3627 1544 3652 1579; x_wconf 93' lang='lat'>‚</span> <span class='ocrx_word' id='word_1_128' title='bbox 3683 1499 3828 1588; x_wconf 81' lang='lat' dir='ltr'><em>quia</em></span> <span class='ocrx_word' id='word_1_129' title='bbox 3849 1545 3873 1584; x_wconf 85' lang='lat'>‚</span> 
     </span>
     <span class='ocr_line' id='line_1_12' title="bbox 977 1584 3879 1685; baseline 0.002 -24"><span class='ocrx_word' id='word_1_130' title='bbox 977 1584 1092 1661; x_wconf 85' lang='lat' dir='ltr'><em>etfi</em></span> <span class='ocrx_word' id='word_1_131' title='bbox 1124 1587 1338 1660; x_wconf 85' lang='lat' dir='ltr'><em>habere</em></span> <span class='ocrx_word' id='word_1_132' title='bbox 1365 1608 1486 1662; x_wconf 88' lang='lat' dir='ltr'><em>tres</em></span> <span class='ocrx_word' id='word_1_133' title='bbox 1525 1591 1772 1685; x_wconf 82' lang='lat' dir='ltr'><em>angulos</em></span> <span class='ocrx_word' id='word_1_134' title='bbox 1801 1614 1939 1662; x_wconf 89' lang='lat' dir='ltr'><em>non</em></span> <span class='ocrx_word' id='word_1_135' title='bbox 1974 1587 2252 1683; x_wconf 78' lang='lat' dir='ltr'><em>pertinet</em></span> <span class='ocrx_word' id='word_1_136' title='bbox 2267 1586 2351 1658; x_wconf 87' lang='lat' dir='ltr'><em>ad</em></span> <span class='ocrx_word' id='word_1_137' title='bbox 2370 1606 2679 1659; x_wconf 85' lang='lat' dir='ltr'><em>naturam</em></span> <span class='ocrx_word' id='word_1_138' title='bbox 2701 1588 2924 1682; x_wconf 71' lang='lat' dir='ltr'><em>figura</em></span> <span class='ocrx_word' id='word_1_139' title='bbox 2949 1637 2973 1674; x_wconf 88' lang='lat'>,</span> <span class='ocrx_word' id='word_1_140' title='bbox 2999 1588 3281 1680; x_wconf 83' lang='lat' dir='ltr'><em>pertinet</em></span> <span class='ocrx_word' id='word_1_141' title='bbox 3305 1608 3529 1663; x_wconf 78' lang='lat' dir='ltr'><em>tamen</em></span> <span class='ocrx_word' id='word_1_142' title='bbox 3573 1592 3658 1663; x_wconf 85' lang='lat' dir='ltr'><em>ad</em></span> <span class='ocrx_word' id='word_1_143' title='bbox 3700 1616 3879 1667; x_wconf 81' lang='lat' dir='ltr'><em>natu-</em></span> 
     </span>
     <span class='ocr_line' id='line_1_13' title="bbox 975 1685 3877 1790; baseline 0.001 -30"><span class='ocrx_word' id='word_1_144' title='bbox 975 1711 1119 1760; x_wconf 83' lang='lat' dir='ltr'><em>ram</em></span> <span class='ocrx_word' id='word_1_145' title='bbox 1128 1691 1355 1784; x_wconf 86' lang='lat' dir='ltr'><em>figurae</em></span> <span class='ocrx_word' id='word_1_146' title='bbox 1374 1690 1769 1785; x_wconf 78' lang='lat' dir='ltr'><em>triangularis</em></span> <span class='ocrx_word' id='word_1_147' title='bbox 1795 1739 1819 1774; x_wconf 89' lang='lat'>‚</span> <span class='ocrx_word' id='word_1_148' title='bbox 1845 1712 1999 1781; x_wconf 84' lang='lat' dir='ltr'><em>quae</em></span> <span class='ocrx_word' id='word_1_149' title='bbox 2046 1710 2182 1759; x_wconf 89' lang='lat' dir='ltr'><em>uno</em></span> <span class='ocrx_word' id='word_1_150' title='bbox 2241 1686 2508 1758; x_wconf 87' lang='lat' dir='ltr'><em>nomine</em></span> <span class='ocrx_word' id='word_1_151' title='bbox 2561 1685 2918 1779; x_wconf 81' lang='lat' dir='ltr'><em>appellatur</em></span> <span class='ocrx_word' id='word_1_152' title='bbox 2951 1689 3378 1782; x_wconf 81' lang='lat' dir='ltr'><em>triangulum:</em></span> <span class='ocrx_word' id='word_1_153' title='bbox 3424 1690 3667 1780; x_wconf 85' lang='lat' dir='ltr'><em>pariter</em></span> <span class='ocrx_word' id='word_1_154' title='bbox 3694 1691 3877 1790; x_wconf 69' lang='lat' dir='ltr'><em>Pegasi</em></span> 
     </span>
     <span class='ocr_line' id='line_1_14' title="bbox 975 1779 3875 1877; baseline 0.002 -19"><span class='ocrx_word' id='word_1_155' title='bbox 975 1806 1212 1858; x_wconf 83' lang='lat' dir='ltr'><em>natura</em></span> <span class='ocrx_word' id='word_1_156' title='bbox 1228 1811 1380 1859; x_wconf 86' lang='lat' dir='ltr'><em>vera</em></span> <span class='ocrx_word' id='word_1_157' title='bbox 1407 1785 1498 1859; x_wconf 89' lang='lat' dir='ltr'><em>est</em></span> <span class='ocrx_word' id='word_1_158' title='bbox 1555 1789 1620 1861; x_wconf 84' lang='lat'>&amp;</span> <span class='ocrx_word' id='word_1_159' title='bbox 1659 1784 2139 1872; x_wconf 74' lang='lat' dir='ltr'><em>immutabilis,</em></span> <span class='ocrx_word' id='word_1_160' title='bbox 2192 1787 2391 1877; x_wconf 82' lang='lat' dir='ltr'><em>quia,</em></span> <span class='ocrx_word' id='word_1_161' title='bbox 2430 1779 2546 1856; x_wconf 82' lang='lat' dir='ltr'><em>etfi</em></span> <span class='ocrx_word' id='word_1_162' title='bbox 2569 1783 2784 1856; x_wconf 85' lang='lat' dir='ltr'><em>habere</em></span> <span class='ocrx_word' id='word_1_163' title='bbox 2802 1785 2933 1857; x_wconf 87' lang='lat' dir='ltr'><em>alas</em></span> <span class='ocrx_word' id='word_1_164' title='bbox 2959 1808 3098 1856; x_wconf 88' lang='lat' dir='ltr'><em>non</em></span> <span class='ocrx_word' id='word_1_165' title='bbox 3124 1786 3406 1877; x_wconf 85' lang='lat' dir='ltr'><em>pertinet</em></span> <span class='ocrx_word' id='word_1_166' title='bbox 3450 1787 3533 1858; x_wconf 84' lang='lat' dir='ltr'><em>ad</em></span> <span class='ocrx_word' id='word_1_167' title='bbox 3582 1809 3875 1864; x_wconf 79' lang='lat' dir='ltr'><em>naturam</em></span> 
     </span>
     <span class='ocr_line' id='line_1_15' title="bbox 973 1883 3874 1985; baseline -0.001 -28"><span class='ocrx_word' id='word_1_168' title='bbox 973 1892 1150 1981; x_wconf 87' lang='lat' dir='ltr'><em>equi,</em></span> <span class='ocrx_word' id='word_1_169' title='bbox 1200 1886 1479 1978; x_wconf 88' lang='lat' dir='ltr'><em>pertinet</em></span> <span class='ocrx_word' id='word_1_170' title='bbox 1496 1904 1713 1960; x_wconf 74' lang='lat' dir='ltr'><em>tamen</em></span> <span class='ocrx_word' id='word_1_171' title='bbox 1754 1886 1837 1959; x_wconf 82' lang='lat' dir='ltr'><em>ad</em></span> <span class='ocrx_word' id='word_1_172' title='bbox 1866 1903 2169 1958; x_wconf 81' lang='lat' dir='ltr'><em>naturam</em></span> <span class='ocrx_word' id='word_1_173' title='bbox 2208 1890 2352 1978; x_wconf 87' lang='lat' dir='ltr'><em>equi</em></span> <span class='ocrx_word' id='word_1_174' title='bbox 2384 1883 2539 1954; x_wconf 86' lang='lat' dir='ltr'><em>alati</em></span> <span class='ocrx_word' id='word_1_175' title='bbox 2587 1932 2612 1970; x_wconf 88' lang='lat'>‚</span> <span class='ocrx_word' id='word_1_176' title='bbox 2635 1884 2751 1977; x_wconf 89' lang='lat' dir='ltr'><em>qui</em></span> <span class='ocrx_word' id='word_1_177' title='bbox 2788 1907 2928 1968; x_wconf 76' lang='lat' dir='ltr'><em>uno</em></span> <span class='ocrx_word' id='word_1_178' title='bbox 2973 1883 3243 1956; x_wconf 86' lang='lat' dir='ltr'><em>nomine</em></span> <span class='ocrx_word' id='word_1_179' title='bbox 3293 1884 3655 1978; x_wconf 84' lang='lat' dir='ltr'><em>appellatur</em></span> <span class='ocrx_word' id='word_1_180' title='bbox 3709 1896 3874 1985; x_wconf 83' lang='lat' dir='ltr'><em>Pega.</em></span> 
     </span>
     <span class='ocr_line' id='line_1_16' title="bbox 956 1975 3871 2074; baseline 0.002 -21"><span class='ocrx_word' id='word_1_181' title='bbox 956 1984 1091 2074; x_wconf 64' lang='lat' dir='ltr'><em>fiis.</em></span> <span class='ocrx_word' id='word_1_182' title='bbox 1165 1983 1263 2055; x_wconf 88' lang='lat' dir='ltr'><em>Ut</em></span> <span class='ocrx_word' id='word_1_183' title='bbox 1291 1983 1499 2057; x_wconf 87' lang='lat' dir='ltr'><em>verbo</em></span> <span class='ocrx_word' id='word_1_184' title='bbox 1550 1985 1799 2070; x_wconf 81' lang='lat' dir='ltr'><em>dicam,</em></span> <span class='ocrx_word' id='word_1_185' title='bbox 1850 1984 1956 2057; x_wconf 84' lang='lat' dir='ltr'><em>hae</em></span> <span class='ocrx_word' id='word_1_186' title='bbox 1983 1984 2162 2055; x_wconf 87' lang='lat' dir='ltr'><em>Ideae</em></span> <span class='ocrx_word' id='word_1_187' title='bbox 2190 2033 2213 2067; x_wconf 90' lang='lat'>,</span> <span class='ocrx_word' id='word_1_188' title='bbox 2243 1978 2292 2055; x_wconf 85' lang='lat' dir='ltr'>fi</span> <span class='ocrx_word' id='word_1_189' title='bbox 2332 1981 2469 2054; x_wconf 83' lang='lat' dir='ltr'><em>illas</em></span> <span class='ocrx_word' id='word_1_190' title='bbox 2524 2000 2782 2053; x_wconf 84' lang='lat' dir='ltr'><em>tantum</em></span> <span class='ocrx_word' id='word_1_191' title='bbox 2827 1981 3118 2067; x_wconf 67' lang='lat' dir='ltr'><em>objefflve</em></span> <span class='ocrx_word' id='word_1_192' title='bbox 3150 1975 3633 2058; x_wconf 75' lang='lat' dir='ltr'><em>consideramus</em></span> <span class='ocrx_word' id='word_1_193' title='bbox 3670 2038 3695 2074; x_wconf 88' lang='lat'>,</span> <span class='ocrx_word' id='word_1_194' title='bbox 3748 2013 3871 2060; x_wconf 87' lang='lat' dir='ltr'><em>nou</em></span> 
     </span>
     <span class='ocr_line' id='line_1_17' title="bbox 970 2076 3867 2181; baseline 0.001 -29"><span class='ocrx_word' id='word_1_195' title='bbox 970 2079 1452 2173; x_wconf 82' lang='lat' dir='ltr'><em>distinguuntur</em></span> <span class='ocrx_word' id='word_1_196' title='bbox 1476 2091 1742 2155; x_wconf 85' lang='lat' dir='ltr'><em>veritate</em></span> <span class='ocrx_word' id='word_1_197' title='bbox 1761 2086 1829 2155; x_wconf 86' lang='lat'>&amp;</span> <span class='ocrx_word' id='word_1_198' title='bbox 1865 2080 2375 2156; x_wconf 78' lang='lat' dir='ltr'><em>immutabilitate</em></span> <span class='ocrx_word' id='word_1_199' title='bbox 2389 2131 2413 2170; x_wconf 85' lang='lat'>,</span> <span class='ocrx_word' id='word_1_200' title='bbox 2442 2076 2546 2151; x_wconf 84' lang='lat' dir='ltr'><em>sed</em></span> <span class='ocrx_word' id='word_1_201' title='bbox 2557 2077 2946 2174; x_wconf 70' lang='lat' dir='ltr'><em>simplicitate</em></span> <span class='ocrx_word' id='word_1_202' title='bbox 2967 2084 3273 2155; x_wconf 78' lang='lat' dir='ltr'><em>tantum:</em></span> <span class='ocrx_word' id='word_1_203' title='bbox 3332 2083 3514 2176; x_wconf 89' lang='lat' dir='ltr'><em>quod</em></span> <span class='ocrx_word' id='word_1_204' title='bbox 3541 2084 3654 2159; x_wconf 79' lang='lat' dir='ltr'><em>illa</em></span> <span class='ocrx_word' id='word_1_205' title='bbox 3691 2086 3867 2181; x_wconf 85' lang='lat' dir='ltr'><em>longe</em></span> 
     </span>
     <span class='ocr_line' id='line_1_18' title="bbox 966 2178 3123 2276; baseline 0.003 -26"><span class='ocrx_word' id='word_1_206' title='bbox 966 2178 1186 2250; x_wconf 81' lang='lat' dir='ltr'><em>minus</em></span> <span class='ocrx_word' id='word_1_207' title='bbox 1207 2228 1232 2267; x_wconf 87' lang='lat'><em>,</em></span> <span class='ocrx_word' id='word_1_208' title='bbox 1268 2180 1412 2254; x_wconf 84' lang='lat' dir='ltr'><em>haec</em></span> <span class='ocrx_word' id='word_1_209' title='bbox 1444 2181 1595 2275; x_wconf 81' lang='lat' dir='ltr'><em>plus</em></span> <span class='ocrx_word' id='word_1_210' title='bbox 1655 2179 2185 2276; x_wconf 81' lang='lat' dir='ltr'><em>comprehendat.</em></span> <span class='ocrx_word' id='word_1_211' title='bbox 3116 2180 3123 2185; x_wconf 61' lang='grc'><strong><em>’</em></strong></span> 
     </span>
    </p>
   </div>
   <div class='ocr_carea' id='block_1_4' title="bbox 954 2332 3869 3134">
    <p class='ocr_par' dir='ltr' id='par_1_4' title="bbox 954 2332 3869 3134">
     <span class='ocr_line' id='line_1_19' title="bbox 1157 2332 3869 2439; baseline -0.004 -13"><span class='ocrx_word' id='word_1_212' title='bbox 1157 2349 1414 2426; x_wconf 82' lang='lat' dir='ltr'><strong>Addam</strong></span> <span class='ocrx_word' id='word_1_213' title='bbox 1458 2342 2020 2422; x_wconf 83' lang='lat' dir='ltr'><em>ratiocinationem</em></span> <span class='ocrx_word' id='word_1_214' title='bbox 2054 2344 2249 2420; x_wconf 74' lang='lat' dir='ltr'><em>valde</em></span> <span class='ocrx_word' id='word_1_215' title='bbox 2290 2338 2597 2421; x_wconf 76' lang='lat' dir='ltr'><em>subtilem</em></span> <span class='ocrx_word' id='word_1_216' title='bbox 2623 2387 2643 2419; x_wconf 73' lang='lat'><em>2</em></span> <span class='ocrx_word' id='word_1_217' title='bbox 2705 2348 2835 2436; x_wconf 64' lang='lat' dir='ltr'><em>que</em></span> <span class='ocrx_word' id='word_1_218' title='bbox 2890 2332 3215 2415; x_wconf 78' lang='lat' dir='ltr'><em>Cartefius</em></span> <span class='ocrx_word' id='word_1_219' title='bbox 3258 2344 3503 2433; x_wconf 87' lang='lat' dir='ltr'><em>utitur,</em></span> <span class='ocrx_word' id='word_1_220' title='bbox 3566 2338 3653 2416; x_wconf 84' lang='lat' dir='ltr'><em>ad</em></span> <span class='ocrx_word' id='word_1_221' title='bbox 3695 2351 3869 2439; x_wconf 70' lang='lat' dir='ltr'><em>argui</em></span> 
     </span>
     <span class='ocr_line' id='line_1_20' title="bbox 966 2440 3864 2534; baseline -0.004 -10"><span class='ocrx_word' id='word_1_222' title='bbox 966 2470 1270 2526; x_wconf 84' lang='lat' dir='ltr'><em>mentum</em></span> <span class='ocrx_word' id='word_1_223' title='bbox 1318 2449 1508 2522; x_wconf 85' lang='lat' dir='ltr'><em>suum</em></span> <span class='ocrx_word' id='word_1_224' title='bbox 1557 2440 2104 2520; x_wconf 83' lang='lat' dir='ltr'><em>confirmandum.</em></span> <span class='ocrx_word' id='word_1_225' title='bbox 2217 2451 2289 2521; x_wconf 85' lang='lat' dir='ltr'><em>Si</em></span> <span class='ocrx_word' id='word_1_226' title='bbox 2318 2462 2550 2519; x_wconf 86' lang='lat' dir='ltr'><em>attente</em></span> <span class='ocrx_word' id='word_1_227' title='bbox 2567 2493 2591 2530; x_wconf 87' lang='lat'>‚</span> <span class='ocrx_word' id='word_1_228' title='bbox 2624 2440 2836 2533; x_wconf 89' lang='lat' dir='ltr'><em>inquit</em></span> <span class='ocrx_word' id='word_1_229' title='bbox 2852 2490 2874 2525; x_wconf 89' lang='lat'>‚</span> <span class='ocrx_word' id='word_1_230' title='bbox 2923 2447 3334 2514; x_wconf 80' lang='lat' dir='ltr'><em>examinemus</em></span> <span class='ocrx_word' id='word_1_231' title='bbox 3356 2494 3379 2530; x_wconf 87' lang='lat'>,</span> <span class='ocrx_word' id='word_1_232' title='bbox 3434 2471 3517 2516; x_wconf 90' lang='lat' dir='ltr'><em>an</em></span> <span class='ocrx_word' id='word_1_233' title='bbox 3555 2442 3864 2534; x_wconf 86' lang='lat' dir='ltr'><em>Entisum-</em></span> 
     </span>
     <span class='ocr_line' id='line_1_21' title="bbox 967 2537 3855 2644; baseline -0.003 -21"><span class='ocrx_word' id='word_1_234' title='bbox 967 2574 1064 2622; x_wconf 90' lang='lat' dir='ltr'><em>me</em></span> <span class='ocrx_word' id='word_1_235' title='bbox 1102 2556 1332 2644; x_wconf 84' lang='lat' dir='ltr'><em>potenti</em></span> <span class='ocrx_word' id='word_1_236' title='bbox 1355 2564 1644 2642; x_wconf 85' lang='lat' dir='ltr'><em>competat</em></span> <span class='ocrx_word' id='word_1_237' title='bbox 1666 2546 1975 2633; x_wconf 75' lang='lat' dir='ltr'><em>existentia</em></span> <span class='ocrx_word' id='word_1_238' title='bbox 1989 2593 2013 2628; x_wconf 89' lang='lat'>,</span> <span class='ocrx_word' id='word_1_239' title='bbox 2059 2543 2220 2616; x_wconf 84' lang='lat' dir='ltr'><em>clare</em></span> <span class='ocrx_word' id='word_1_240' title='bbox 2245 2551 2602 2638; x_wconf 81' lang='lat' dir='ltr'><em>percipimus</em></span> <span class='ocrx_word' id='word_1_241' title='bbox 2622 2591 2645 2628; x_wconf 87' lang='lat'>,</span> <span class='ocrx_word' id='word_1_242' title='bbox 2679 2540 2776 2613; x_wconf 85' lang='lat' dir='ltr'><em>illi</em></span> <span class='ocrx_word' id='word_1_243' title='bbox 2789 2537 3013 2629; x_wconf 86' lang='lat' dir='ltr'><em>saltem</em></span> <span class='ocrx_word' id='word_1_244' title='bbox 3039 2559 3357 2632; x_wconf 84' lang='lat' dir='ltr'><em>competere</em></span> <span class='ocrx_word' id='word_1_245' title='bbox 3374 2540 3696 2635; x_wconf 77' lang='lat' dir='ltr'><em>peffibilem</em></span> <span class='ocrx_word' id='word_1_246' title='bbox 3716 2549 3855 2631; x_wconf 76' lang='lat' dir='ltr'><em>exi]-</em></span> 
     </span>
     <span class='ocr_line' id='line_1_22' title="bbox 966 2638 3853 2741; baseline -0.004 -18"><span class='ocrx_word' id='word_1_247' title='bbox 966 2657 1243 2723; x_wconf 87' lang='lat' dir='ltr'><em>tentiam.</em></span> <span class='ocrx_word' id='word_1_248' title='bbox 1310 2648 1550 2723; x_wconf 86' lang='lat' dir='ltr'><em>Deinde</em></span> <span class='ocrx_word' id='word_1_249' title='bbox 1565 2696 1588 2734; x_wconf 89' lang='lat'>,</span> <span class='ocrx_word' id='word_1_250' title='bbox 1628 2643 1838 2738; x_wconf 85' lang='lat' dir='ltr'><em>pergit</em></span> <span class='ocrx_word' id='word_1_251' title='bbox 1863 2694 1887 2731; x_wconf 88' lang='lat'>,</span> <span class='ocrx_word' id='word_1_252' title='bbox 1914 2649 2063 2741; x_wconf 80' lang='lat' dir='ltr'><em>quia</em></span> <span class='ocrx_word' id='word_1_253' title='bbox 2086 2650 2343 2739; x_wconf 86' lang='lat' dir='ltr'><em>cogitare</em></span> <span class='ocrx_word' id='word_1_254' title='bbox 2360 2669 2475 2716; x_wconf 89' lang='lat' dir='ltr'><em>non</em></span> <span class='ocrx_word' id='word_1_255' title='bbox 2491 2638 2792 2735; x_wconf 84' lang='lat' dir='ltr'><em>poffumus</em></span> <span class='ocrx_word' id='word_1_256' title='bbox 2821 2640 2951 2720; x_wconf 82' lang='lat' dir='ltr'><em>ejus</em></span> <span class='ocrx_word' id='word_1_257' title='bbox 2959 2642 3361 2729; x_wconf 68' lang='lat' dir='ltr'><em>existent-*tiam</em></span> <span class='ocrx_word' id='word_1_258' title='bbox 3397 2640 3509 2736; x_wconf 74' lang='lat' dir='ltr'><em>effi»</em></span> <span class='ocrx_word' id='word_1_259' title='bbox 3528 2639 3853 2733; x_wconf 59' lang='lat' dir='ltr'><em>pffibm,</em></span> 
     </span>
     <span class='ocr_line' id='line_1_23' title="bbox 964 2736 3862 2848; baseline -0.004 -29"><span class='ocrx_word' id='word_1_260' title='bbox 964 2748 1465 2848; x_wconf 78' lang='lat' dir='ltr'><em>quinfimalAn</em></span> <span class='ocrx_word' id='word_1_261' title='bbox 1518 2760 2001 2820; x_wconf 58' lang='lat' dir='ltr'><em>mmmmm</em></span> <span class='ocrx_word' id='word_1_262' title='bbox 2053 2762 2255 2837; x_wconf 73' lang='lat' dir='ltr'><em>eJus</em></span> <span class='ocrx_word' id='word_1_263' title='bbox 2301 2756 2832 2816; x_wconf 64' lang='lat' dir='ltr'><em>rom-eurum</em></span> <span class='ocrx_word' id='word_1_264' title='bbox 2854 2736 3242 2816; x_wconf 82' lang='lat' dir='ltr'><em>attendentes,</em></span> <span class='ocrx_word' id='word_1_265' title='bbox 3279 2741 3691 2837; x_wconf 77' lang='lat' dir='ltr'><em>agnoscamus,</em></span> <span class='ocrx_word' id='word_1_266' title='bbox 3718 2736 3862 2811; x_wconf 81' lang='lat' dir='ltr'><em>illud</em></span> 
     </span>
     <span class='ocr_line' id='line_1_24' title="bbox 954 2818 3859 2943; baseline -0.002 -28"><span class='ocrx_word' id='word_1_267' title='bbox 954 2853 1192 2936; x_wconf 76' lang='lat' dir='ltr'><em>propria</em></span> <span class='ocrx_word' id='word_1_268' title='bbox 1228 2847 1352 2935; x_wconf 90' lang='lat' dir='ltr'><em>sua</em></span> <span class='ocrx_word' id='word_1_269' title='bbox 1403 2856 1476 2919; x_wconf 86' lang='lat' dir='ltr'><em>vi</em></span> <span class='ocrx_word' id='word_1_270' title='bbox 1500 2845 1653 2943; x_wconf 75' lang='lat' dir='ltr'><em>pqffe</em></span> <span class='ocrx_word' id='word_1_271' title='bbox 1677 2849 1919 2936; x_wconf 72' lang='lat' dir='ltr'><em>existere</em></span> <span class='ocrx_word' id='word_1_272' title='bbox 1942 2871 1962 2911; x_wconf 83' lang='lat'><em>.-</em></span> <span class='ocrx_word' id='word_1_273' title='bbox 1990 2844 2128 2916; x_wconf 84' lang='lat' dir='ltr'><em>hinc</em></span> <span class='ocrx_word' id='word_1_274' title='bbox 2149 2842 2561 2917; x_wconf 83' lang='lat' dir='ltr'><em>concludemus</em></span> <span class='ocrx_word' id='word_1_275' title='bbox 2583 2891 2606 2926; x_wconf 88' lang='lat'>,</span> <span class='ocrx_word' id='word_1_276' title='bbox 2659 2838 2817 2911; x_wconf 69' lang='lat' dir='ltr'><em>mad</em></span> <span class='ocrx_word' id='word_1_277' title='bbox 2848 2864 3062 2910; x_wconf 87' lang='lat' dir='ltr'><em>revera</em></span> <span class='ocrx_word' id='word_1_278' title='bbox 3084 2818 3293 2936; x_wconf 66' lang='lat' dir='ltr'><em>⁴&#39;atque</em></span> <span class='ocrx_word' id='word_1_279' title='bbox 3322 2839 3402 2910; x_wconf 91' lang='lat' dir='ltr'><em>ab</em></span> <span class='ocrx_word' id='word_1_280' title='bbox 3446 2859 3659 2913; x_wconf 74' lang='lat' dir='ltr'><em>aetemo</em></span> <span class='ocrx_word' id='word_1_281' title='bbox 3701 2839 3859 2931; x_wconf 80' lang='lat' dir='ltr'><em>exsti·</em></span> 
     </span>
     <span class='ocr_line' id='line_1_25' title="bbox 960 2935 3857 3040; baseline -0.001 -28"><span class='ocrx_word' id='word_1_282' title='bbox 960 2942 1111 3035; x_wconf 68' lang='lat' dir='ltr'><em>tiffe.</em></span> <span class='ocrx_word' id='word_1_283' title='bbox 1189 2950 1286 3027; x_wconf 75' lang='lat' dir='ltr'><em>Est</em></span> <span class='ocrx_word' id='word_1_284' title='bbox 1327 2951 1486 3015; x_wconf 82' lang='lat' dir='ltr'><em>enim</em></span> <span class='ocrx_word' id='word_1_285' title='bbox 1498 2992 1524 3029; x_wconf 85' lang='lat'>‚</span> <span class='ocrx_word' id='word_1_286' title='bbox 1579 2939 1916 3033; x_wconf 86' lang='lat' dir='ltr'><em>subjungit</em></span> <span class='ocrx_word' id='word_1_287' title='bbox 1936 2992 1959 3026; x_wconf 89' lang='lat'>,</span> <span class='ocrx_word' id='word_1_288' title='bbox 2012 2945 2243 3013; x_wconf 87' lang='lat' dir='ltr'><em>lumine</em></span> <span class='ocrx_word' id='word_1_289' title='bbox 2286 2942 2564 3016; x_wconf 78' lang='lat' dir='ltr'><em>naturali</em></span> <span class='ocrx_word' id='word_1_290' title='bbox 2609 2937 2980 3026; x_wconf 82' lang='lat' dir='ltr'><em>nottffimum</em></span> <span class='ocrx_word' id='word_1_291' title='bbox 3000 2985 3025 3024; x_wconf 87' lang='lat'><em>,</em></span> <span class='ocrx_word' id='word_1_292' title='bbox 3082 2937 3246 3010; x_wconf 84' lang='lat' dir='ltr'><em>illud</em></span> <span class='ocrx_word' id='word_1_293' title='bbox 3302 2935 3474 3040; x_wconf 82' lang='lat' dir='ltr'><em>quod</em></span> <span class='ocrx_word' id='word_1_294' title='bbox 3502 2946 3738 3032; x_wconf 80' lang='lat' dir='ltr'><em>propria</em></span> <span class='ocrx_word' id='word_1_295' title='bbox 3747 2938 3857 3029; x_wconf 82' lang='lat' dir='ltr'><em>sua</em></span> 
     </span>
     <span class='ocr_line' id='line_1_26' title="bbox 959 3039 2042 3134; baseline -0.002 -24"><span class='ocrx_word' id='word_1_296' title='bbox 959 3047 1035 3110; x_wconf 80' lang='lat' dir='ltr'><em>vi</em></span> <span class='ocrx_word' id='word_1_297' title='bbox 1061 3044 1245 3134; x_wconf 81' lang='lat' dir='ltr'><em>potest</em></span> <span class='ocrx_word' id='word_1_298' title='bbox 1270 3044 1513 3132; x_wconf 70' lang='lat' dir='ltr'><em>exiliere</em></span> <span class='ocrx_word' id='word_1_299' title='bbox 1520 3039 1755 3130; x_wconf 84' lang='lat' dir='ltr'><em>semper</em></span> <span class='ocrx_word' id='word_1_300' title='bbox 1779 3043 2042 3131; x_wconf 63' lang='lat' dir='ltr'><em>existere.</em></span> 
     </span>
    </p>
   </div>
   <div class='ocr_carea' id='block_1_5' title="bbox 946 3186 3862 3861">
    <p class='ocr_par' dir='ltr' id='par_1_5' title="bbox 946 3186 3862 3861">
     <span class='ocr_line' id='line_1_27' title="bbox 1159 3186 3861 3289; baseline 0 -25"><span class='ocrx_word' id='word_1_301' title='bbox 1159 3192 1343 3286; x_wconf 81' lang='lat' dir='ltr'><em>Qid</em></span> <span class='ocrx_word' id='word_1_302' title='bbox 1389 3217 1551 3267; x_wconf 85' lang='lat' dir='ltr'><em>vero</em></span> <span class='ocrx_word' id='word_1_303' title='bbox 1597 3193 1727 3264; x_wconf 88' lang='lat' dir='ltr'><em>hoc</em></span> <span class='ocrx_word' id='word_1_304' title='bbox 1767 3186 2088 3285; x_wconf 60' lang='lat' dir='ltr'><em>fignificat</em></span> <span class='ocrx_word' id='word_1_305' title='bbox 2111 3240 2135 3277; x_wconf 87' lang='lat'>‚</span> <span class='ocrx_word' id='word_1_306' title='bbox 2191 3194 2328 3265; x_wconf 88' lang='lat' dir='ltr'><em>DE</em></span> <span class='ocrx_word' id='word_1_307' title='bbox 2350 3194 2477 3264; x_wconf 83' lang='lat' dir='ltr'><em>US</em></span> <span class='ocrx_word' id='word_1_308' title='bbox 2511 3195 2749 3281; x_wconf 77' lang='lat' dir='ltr'><em>propria</em></span> <span class='ocrx_word' id='word_1_309' title='bbox 2795 3195 2868 3260; x_wconf 86' lang='lat' dir='ltr'><em>vi</em></span> <span class='ocrx_word' id='word_1_310' title='bbox 2914 3194 3116 3284; x_wconf 73' lang='lat' dir='ltr'><em>existit</em></span> <span class='ocrx_word' id='word_1_311' title='bbox 3136 3190 3172 3264; x_wconf 73' lang='lat'><em>‚²</em></span> <span class='ocrx_word' id='word_1_312' title='bbox 3221 3194 3289 3268; x_wconf 82' lang='lat' dir='ltr'><em>vi</em></span> <span class='ocrx_word' id='word_1_313' title='bbox 3333 3189 3634 3286; x_wconf 71' lang='lat' dir='ltr'><em>immensa</em></span> <span class='ocrx_word' id='word_1_314' title='bbox 3676 3211 3861 3289; x_wconf 76' lang='lat' dir='ltr'><em>poten-</em></span> 
     </span>
     <span class='ocr_line' id='line_1_28' title="bbox 962 3287 3861 3386; baseline -0.003 -15"><span class='ocrx_word' id='word_1_315' title='bbox 962 3297 1067 3371; x_wconf 71' lang='lat' dir='ltr'><em>sia</em></span> <span class='ocrx_word' id='word_1_316' title='bbox 1079 3294 1244 3386; x_wconf 78' lang='lat' dir='ltr'><em>suae,</em></span> <span class='ocrx_word' id='word_1_317' title='bbox 1288 3312 1366 3364; x_wconf 92' lang='lat' dir='ltr'><em>ut</em></span> <span class='ocrx_word' id='word_1_318' title='bbox 1412 3293 1690 3385; x_wconf 85' lang='lat' dir='ltr'><em>explicat</em></span> <span class='ocrx_word' id='word_1_319' title='bbox 1730 3287 2076 3378; x_wconf 71' lang='lat' dir='ltr'><em>Cartefius.</em></span> <span class='ocrx_word' id='word_1_320' title='bbox 2134 3291 2311 3384; x_wconf 89' lang='lat' dir='ltr'><em>Ergo</em></span> <span class='ocrx_word' id='word_1_321' title='bbox 2346 3295 2613 3383; x_wconf 81' lang='lat' dir='ltr'><em>potentia</em></span> <span class='ocrx_word' id='word_1_322' title='bbox 2652 3295 2777 3362; x_wconf 90' lang='lat' dir='ltr'><em>Dei</em></span> <span class='ocrx_word' id='word_1_323' title='bbox 2807 3290 3253 3366; x_wconf 70' lang='lat' dir='ltr'><em>consideratur</em></span> <span class='ocrx_word' id='word_1_324' title='bbox 3278 3290 3369 3364; x_wconf 87' lang='lat' dir='ltr'><em>ab</em></span> <span class='ocrx_word' id='word_1_325' title='bbox 3397 3318 3479 3365; x_wconf 88' lang='lat' dir='ltr'><em>eo</em></span> <span class='ocrx_word' id='word_1_326' title='bbox 3500 3345 3523 3381; x_wconf 87' lang='lat'>,</span> <span class='ocrx_word' id='word_1_327' title='bbox 3557 3313 3861 3386; x_wconf 82' lang='lat' dir='ltr'><em>tanquam</em></span> 
     </span>
     <span class='ocr_line' id='line_1_29' title="bbox 956 3387 3861 3489; baseline -0.002 -23"><span class='ocrx_word' id='word_1_328' title='bbox 956 3395 1194 3489; x_wconf 69' lang='lat' dir='ltr'><em>aliqui]</em></span> <span class='ocrx_word' id='word_1_329' title='bbox 1212 3446 1237 3484; x_wconf 88' lang='lat'>‚</span> <span class='ocrx_word' id='word_1_330' title='bbox 1268 3392 1476 3468; x_wconf 77' lang='lat' dir='ltr'><em>saltem</em></span> <span class='ocrx_word' id='word_1_331' title='bbox 1498 3399 1566 3464; x_wconf 89' lang='lat' dir='ltr'><em>in</em></span> <span class='ocrx_word' id='word_1_332' title='bbox 1596 3406 1874 3481; x_wconf 85' lang='lat' dir='ltr'><em>conceptu</em></span> <span class='ocrx_word' id='word_1_333' title='bbox 1890 3440 1915 3477; x_wconf 85' lang='lat'>,</span> <span class='ocrx_word' id='word_1_334' title='bbox 1936 3397 2109 3483; x_wconf 83' lang='lat' dir='ltr'><em>prius</em></span> <span class='ocrx_word' id='word_1_335' title='bbox 2153 3388 2506 3462; x_wconf 68' lang='lat' dir='ltr'><em>existentia·</em></span> <span class='ocrx_word' id='word_1_336' title='bbox 2588 3388 2732 3483; x_wconf 88' lang='lat' dir='ltr'><em>Ego</em></span> <span class='ocrx_word' id='word_1_337' title='bbox 2776 3414 2937 3464; x_wconf 82' lang='lat' dir='ltr'><em>vero</em></span> <span class='ocrx_word' id='word_1_338' title='bbox 2989 3387 3193 3483; x_wconf 81' lang='lat' dir='ltr'><em>usque</em></span> <span class='ocrx_word' id='word_1_339' title='bbox 3226 3391 3451 3470; x_wconf 78' lang='lat' dir='ltr'><em>·ndhuc</em></span> <span class='ocrx_word' id='word_1_340' title='bbox 3496 3393 3861 3488; x_wconf 84' lang='lat' dir='ltr'><em>potentiam</em></span> 
     </span>
     <span class='ocr_line' id='line_1_30' title="bbox 959 3486 3861 3586; baseline -0.001 -23"><span class='ocrx_word' id='word_1_341' title='bbox 959 3493 1089 3565; x_wconf 88' lang='lat' dir='ltr'><em>Dei</em></span> <span class='ocrx_word' id='word_1_342' title='bbox 1146 3493 1483 3586; x_wconf 84' lang='lat' dir='ltr'><em>concipere</em></span> <span class='ocrx_word' id='word_1_343' title='bbox 1525 3517 1666 3563; x_wconf 89' lang='lat' dir='ltr'><em>non</em></span> <span class='ocrx_word' id='word_1_344' title='bbox 1717 3491 1955 3582; x_wconf 87' lang='lat' dir='ltr'><em>potui,</em></span> <span class='ocrx_word' id='word_1_345' title='bbox 2015 3486 2137 3560; x_wconf 75' lang='lat' dir='ltr'><em>nifi</em></span> <span class='ocrx_word' id='word_1_346' title='bbox 2192 3487 2759 3583; x_wconf 83' lang='lat' dir='ltr'><em>praesupponendo</em></span> <span class='ocrx_word' id='word_1_347' title='bbox 2801 3487 3209 3561; x_wconf 81' lang='lat' dir='ltr'><em>existentiam</em></span> <span class='ocrx_word' id='word_1_348' title='bbox 3261 3509 3579 3584; x_wconf 78' lang='lat' dir='ltr'><em>tanquam</em></span> <span class='ocrx_word' id='word_1_349' title='bbox 3625 3493 3715 3564; x_wconf 80' lang='lat' dir='ltr'><em>ali</em></span> <span class='ocrx_word' id='word_1_350' title='bbox 3758 3486 3861 3561; x_wconf 85' lang='lat' dir='ltr'><em>uid</em></span> 
     </span>
     <span class='ocr_line' id='line_1_31' title="bbox 959 3582 3860 3683; baseline 0.001 -22"><span class='ocrx_word' id='word_1_351' title='bbox 959 3585 1187 3663; x_wconf 79' lang='lat' dir='ltr'><em>saltem</em></span> <span class='ocrx_word' id='word_1_352' title='bbox 1227 3593 1292 3663; x_wconf 89' lang='lat' dir='ltr'><em>in</em></span> <span class='ocrx_word' id='word_1_353' title='bbox 1349 3605 1668 3683; x_wconf 78' lang='lat' dir='ltr'><em>conceptu</em></span> <span class='ocrx_word' id='word_1_354' title='bbox 1719 3591 1915 3679; x_wconf 87' lang='lat' dir='ltr'><em>prius.</em></span> <span class='ocrx_word' id='word_1_355' title='bbox 1979 3587 2352 3661; x_wconf 83' lang='lat' dir='ltr'><em>Potentiam</em></span> <span class='ocrx_word' id='word_1_356' title='bbox 2379 3589 2507 3660; x_wconf 86' lang='lat' dir='ltr'><em>Dei</em></span> <span class='ocrx_word' id='word_1_357' title='bbox 2548 3609 2688 3657; x_wconf 89' lang='lat' dir='ltr'><em>non</em></span> <span class='ocrx_word' id='word_1_358' title='bbox 2739 3582 3142 3662; x_wconf 84' lang='lat' dir='ltr'><em>oonfideravi</em></span> <span class='ocrx_word' id='word_1_359' title='bbox 3160 3638 3183 3674; x_wconf 84' lang='lat'>,</span> <span class='ocrx_word' id='word_1_360' title='bbox 3224 3605 3546 3680; x_wconf 80' lang='lat' dir='ltr'><em>tanquam</em></span> <span class='ocrx_word' id='word_1_361' title='bbox 3572 3617 3609 3664; x_wconf 87' lang='lat' dir='ltr'><em>c</em></span> <span class='ocrx_word' id='word_1_362' title='bbox 3742 3605 3860 3677; x_wconf 71' lang='lat' dir='ltr'><em>avit,</em></span> 
     </span>
     <span class='ocr_line' id='line_1_32' title="bbox 957 3681 3862 3785; baseline 0.002 -28"><span class='ocrx_word' id='word_1_363' title='bbox 957 3691 1133 3775; x_wconf 81' lang='lat' dir='ltr'><em>cujus</em></span> <span class='ocrx_word' id='word_1_364' title='bbox 1201 3697 1275 3762; x_wconf 87' lang='lat' dir='ltr'><em>vi</em></span> <span class='ocrx_word' id='word_1_365' title='bbox 1333 3690 1515 3762; x_wconf 67' lang='lat' dir='ltr'><em>Dru</em></span> <span class='ocrx_word' id='word_1_366' title='bbox 1534 3708 1566 3759; x_wconf 86' lang='lat' dir='ltr'><strong><em>s</em></strong></span> <span class='ocrx_word' id='word_1_367' title='bbox 1635 3684 1768 3779; x_wconf 86' lang='lat' dir='ltr'><em>ipse</em></span> <span class='ocrx_word' id='word_1_368' title='bbox 1815 3685 2028 3757; x_wconf 81' lang='lat' dir='ltr'><em>existit</em></span> <span class='ocrx_word' id='word_1_369' title='bbox 2045 3714 2067 3766; x_wconf 77' lang='lat'>3</span> <span class='ocrx_word' id='word_1_370' title='bbox 2127 3685 2235 3760; x_wconf 82' lang='lat' dir='ltr'><em>sed</em></span> <span class='ocrx_word' id='word_1_371' title='bbox 2294 3705 2612 3780; x_wconf 83' lang='lat' dir='ltr'><em>tanquam</em></span> <span class='ocrx_word' id='word_1_372' title='bbox 2658 3681 2938 3758; x_wconf 71' lang='lat' dir='ltr'><em>eauffinn</em></span> <span class='ocrx_word' id='word_1_373' title='bbox 2979 3710 3211 3761; x_wconf 84' lang='lat' dir='ltr'><em>rerum</em></span> <span class='ocrx_word' id='word_1_374' title='bbox 3271 3689 3577 3762; x_wconf 84' lang='lat' dir='ltr'><em>omnium</em></span> <span class='ocrx_word' id='word_1_375' title='bbox 3625 3709 3862 3785; x_wconf 82' lang='lat' dir='ltr'><em>praeter</em></span> 
     </span>
     <span class='ocr_line' id='line_1_33' title="bbox 946 3785 1238 3861; baseline -0.007 -3"><span class='ocrx_word' id='word_1_376' title='bbox 946 3785 1238 3861; x_wconf 72' lang='lat' dir='ltr'><em>Deum.</em></span> 
     </span>
    </p>
   </div>
   <div class='ocr_carea' id='block_1_6' title="bbox 933 3928 3864 4819">
    <p class='ocr_par' dir='ltr' id='par_1_6' title="bbox 933 3928 3864 4723">
     <span class='ocr_line' id='line_1_34' title="bbox 1150 3928 3862 4027; baseline 0.001 -16"><span class='ocrx_word' id='word_1_377' title='bbox 1150 3937 1275 4011; x_wconf 89' lang='lat' dir='ltr'><em>Sed</em></span> <span class='ocrx_word' id='word_1_378' title='bbox 1328 3933 1699 4010; x_wconf 81' lang='lat' dir='ltr'><em>tribuamus</em></span> <span class='ocrx_word' id='word_1_379' title='bbox 1773 3928 1964 4011; x_wconf 81' lang='lat' dir='ltr'><em>hanc.</em></span> <span class='ocrx_word' id='word_1_380' title='bbox 2011 3933 2148 4003; x_wconf 85' lang='lat' dir='ltr'><em>vim</em></span> <span class='ocrx_word' id='word_1_381' title='bbox 2218 3936 2648 4027; x_wconf 72' lang='lat' dir='ltr'><em>omnipotentia</em></span> <span class='ocrx_word' id='word_1_382' title='bbox 2695 3937 2865 4023; x_wconf 86' lang='lat' dir='ltr'><em>Dei,</em></span> <span class='ocrx_word' id='word_1_383' title='bbox 2916 3952 2994 4010; x_wconf 89' lang='lat' dir='ltr'><em>ut</em></span> <span class='ocrx_word' id='word_1_384' title='bbox 3024 3988 3048 4025; x_wconf 87' lang='lat'>‚</span> <span class='ocrx_word' id='word_1_385' title='bbox 3094 3933 3142 4007; x_wconf 82' lang='lat' dir='ltr'>fi</span> <span class='ocrx_word' id='word_1_386' title='bbox 3168 3953 3429 4013; x_wconf 85' lang='lat' dir='ltr'><em>tantum</em></span> <span class='ocrx_word' id='word_1_387' title='bbox 3485 3939 3676 4017; x_wconf 73' lang='lat' dir='ltr'><em>DEU</em></span> <span class='ocrx_word' id='word_1_388' title='bbox 3698 3966 3729 4018; x_wconf 86' lang='lat' dir='ltr'><strong>s</strong></span> <span class='ocrx_word' id='word_1_389' title='bbox 3774 3939 3862 4015; x_wconf 86' lang='lat' dir='ltr'><em>est</em></span> 
     </span>
     <span class='ocr_line' id='line_1_35' title="bbox 944 4026 3863 4131; baseline 0.003 -28"><span class='ocrx_word' id='word_1_390' title='bbox 944 4029 1229 4125; x_wconf 73' lang='lat' dir='ltr'><em>pffbilis</em></span> <span class='ocrx_word' id='word_1_391' title='bbox 1255 4084 1278 4118; x_wconf 90' lang='lat'>,</span> <span class='ocrx_word' id='word_1_392' title='bbox 1335 4059 1490 4126; x_wconf 82' lang='lat' dir='ltr'><em>eum</em></span> <span class='ocrx_word' id='word_1_393' title='bbox 1535 4035 1705 4105; x_wconf 80' lang='lat' dir='ltr'><em>illico</em></span> <span class='ocrx_word' id='word_1_394' title='bbox 1749 4034 1898 4102; x_wconf 62' lang='lat' dir='ltr'><em>netu</em></span> <span class='ocrx_word' id='word_1_395' title='bbox 1940 4030 2209 4103; x_wconf 81' lang='lat' dir='ltr'><em>existere</em></span> <span class='ocrx_word' id='word_1_396' title='bbox 2259 4026 2490 4104; x_wconf 82' lang='lat' dir='ltr'><em>faciat:</em></span> <span class='ocrx_word' id='word_1_397' title='bbox 2541 4031 2658 4106; x_wconf 87' lang='lat' dir='ltr'><em>ubi</em></span> <span class='ocrx_word' id='word_1_398' title='bbox 2688 4035 3022 4107; x_wconf 84' lang='lat' dir='ltr'><em>inveniam</em></span> <span class='ocrx_word' id='word_1_399' title='bbox 3046 4034 3219 4107; x_wconf 82' lang='lat' dir='ltr'><em>illam</em></span> <span class='ocrx_word' id='word_1_400' title='bbox 3241 4048 3576 4131; x_wconf 82' lang='lat' dir='ltr'><em>potentiam</em></span> <span class='ocrx_word' id='word_1_401' title='bbox 3602 4090 3627 4127; x_wconf 84' lang='lat'><strong>,</strong></span> <span class='ocrx_word' id='word_1_402' title='bbox 3686 4061 3863 4114; x_wconf 81' lang='lat' dir='ltr'><em>ante-</em></span> 
     </span>
     <span class='ocr_line' id='line_1_36' title="bbox 952 4130 3863 4228; baseline 0.003 -26"><span class='ocrx_word' id='word_1_403' title='bbox 952 4154 1154 4225; x_wconf 85' lang='lat' dir='ltr'><em>quam</em></span> <span class='ocrx_word' id='word_1_404' title='bbox 1194 4131 1322 4204; x_wconf 86' lang='lat' dir='ltr'><em>scio</em></span> <span class='ocrx_word' id='word_1_405' title='bbox 1374 4133 1647 4206; x_wconf 74' lang='lat' dir='ltr'><em>Deum</em></span> <span class='ocrx_word' id='word_1_406' title='bbox 1704 4130 2231 4223; x_wconf 84' lang='lat' dir='ltr'><em>omnipotentem</em></span> <span class='ocrx_word' id='word_1_407' title='bbox 2281 4130 2601 4214; x_wconf 67' lang='lat' dir='ltr'><em>existere?</em></span> <span class='ocrx_word' id='word_1_408' title='bbox 2674 4156 2999 4228; x_wconf 84' lang='lat' dir='ltr'><em>nusquam</em></span> <span class='ocrx_word' id='word_1_409' title='bbox 3074 4132 3212 4222; x_wconf 85' lang='lat' dir='ltr'><em>est,</em></span> <span class='ocrx_word' id='word_1_410' title='bbox 3271 4134 3391 4210; x_wconf 83' lang='lat' dir='ltr'><em>nifi</em></span> <span class='ocrx_word' id='word_1_411' title='bbox 3454 4139 3747 4228; x_wconf 66' lang='lat' dir='ltr'><em>obJefflve</em></span> <span class='ocrx_word' id='word_1_412' title='bbox 3790 4141 3863 4211; x_wconf 88' lang='lat' dir='ltr'><em>in</em></span> 
     </span>
     <span class='ocr_line' id='line_1_37' title="bbox 947 4228 3859 4329; baseline 0.004 -28"><span class='ocrx_word' id='word_1_413' title='bbox 947 4248 1170 4303; x_wconf 84' lang='lat' dir='ltr'><em>mente</em></span> <span class='ocrx_word' id='word_1_414' title='bbox 1212 4249 1376 4302; x_wconf 83' lang='lat' dir='ltr'><em>mea.</em></span> <span class='ocrx_word' id='word_1_415' title='bbox 1459 4231 1566 4302; x_wconf 86' lang='lat' dir='ltr'><em>An</em></span> <span class='ocrx_word' id='word_1_416' title='bbox 1618 4254 1777 4303; x_wconf 81' lang='lat' dir='ltr'><em>vero</em></span> <span class='ocrx_word' id='word_1_417' title='bbox 1817 4230 1963 4303; x_wconf 78' lang='lat' dir='ltr'><em>haec</em></span> <span class='ocrx_word' id='word_1_418' title='bbox 1999 4238 2421 4323; x_wconf 77' lang='lat' dir='ltr'><em>onmipotenria</em></span> <span class='ocrx_word' id='word_1_419' title='bbox 2465 4228 2761 4318; x_wconf 67' lang='lat' dir='ltr'><em>objeniva</em></span> <span class='ocrx_word' id='word_1_420' title='bbox 2804 4230 3009 4304; x_wconf 72' lang='lat' dir='ltr'><em>oeuffi</em></span> <span class='ocrx_word' id='word_1_421' title='bbox 3054 4232 3177 4306; x_wconf 88' lang='lat' dir='ltr'><em>erit</em></span> <span class='ocrx_word' id='word_1_422' title='bbox 3212 4284 3236 4322; x_wconf 89' lang='lat'><em>‚</em></span> <span class='ocrx_word' id='word_1_423' title='bbox 3291 4261 3491 4329; x_wconf 87' lang='lat' dir='ltr'><em>quare</em></span> <span class='ocrx_word' id='word_1_424' title='bbox 3538 4238 3606 4310; x_wconf 94' lang='lat' dir='ltr'>D</span> <span class='ocrx_word' id='word_1_425' title='bbox 3629 4258 3677 4312; x_wconf 72' lang='grc' dir='ltr'>Ε</span> <span class='ocrx_word' id='word_1_426' title='bbox 3699 4261 3748 4313; x_wconf 82' lang='lat' dir='ltr'><em>u</em></span> <span class='ocrx_word' id='word_1_427' title='bbox 3775 4259 3808 4312; x_wconf 85' lang='lat' dir='ltr'>s</span> <span class='ocrx_word' id='word_1_428' title='bbox 3832 4285 3859 4324; x_wconf 86' lang='lat'>,</span> 
     </span>
     <span class='ocr_line' id='line_1_38' title="bbox 945 4319 3863 4427; baseline 0.002 -28"><span class='ocrx_word' id='word_1_429' title='bbox 945 4322 999 4399; x_wconf 81' lang='lat' dir='ltr'>fi</span> <span class='ocrx_word' id='word_1_430' title='bbox 1043 4329 1249 4403; x_wconf 86' lang='lat' dir='ltr'><em>modo</em></span> <span class='ocrx_word' id='word_1_431' title='bbox 1294 4319 1608 4422; x_wconf 72' lang='lat' dir='ltr'><em>poffibilis</em></span> <span class='ocrx_word' id='word_1_432' title='bbox 1650 4329 1741 4402; x_wconf 88' lang='lat' dir='ltr'><em>est</em></span> <span class='ocrx_word' id='word_1_433' title='bbox 1768 4379 1792 4416; x_wconf 87' lang='lat'>,</span> <span class='ocrx_word' id='word_1_434' title='bbox 1836 4346 2020 4403; x_wconf 79' lang='lat' dir='ltr'><em>extra</em></span> <span class='ocrx_word' id='word_1_435' title='bbox 2056 4347 2317 4401; x_wconf 69' lang='lat' dir='ltr'><em>manem</em></span> <span class='ocrx_word' id='word_1_436' title='bbox 2360 4333 2576 4423; x_wconf 82' lang='lat' dir='ltr'><em>existat</em></span> <span class='ocrx_word' id='word_1_437' title='bbox 2614 4327 2912 4402; x_wconf 82' lang='lat' dir='ltr'><em>realiter?</em></span> <span class='ocrx_word' id='word_1_438' title='bbox 2966 4354 3052 4402; x_wconf 83' lang='lat' dir='ltr'><em>au</em></span> <span class='ocrx_word' id='word_1_439' title='bbox 3097 4332 3530 4424; x_wconf 71' lang='lat' dir='ltr'><em>repraesentatio</em></span> <span class='ocrx_word' id='word_1_440' title='bbox 3557 4336 3863 4427; x_wconf 76' lang='lat' dir='ltr'><em>irnmensae</em></span> 
     </span>
     <span class='ocr_line' id='line_1_39' title="bbox 940 4428 3864 4524; baseline 0.003 -26"><span class='ocrx_word' id='word_1_441' title='bbox 940 4437 1216 4520; x_wconf 69' lang='lat' dir='ltr'><em>potentia</em></span> <span class='ocrx_word' id='word_1_442' title='bbox 1242 4429 1307 4499; x_wconf 85' lang='lat' dir='ltr'><em>in</em></span> <span class='ocrx_word' id='word_1_443' title='bbox 1335 4448 1557 4502; x_wconf 84' lang='lat' dir='ltr'><em>mente</em></span> <span class='ocrx_word' id='word_1_444' title='bbox 1602 4446 1778 4521; x_wconf 82' lang='lat' dir='ltr'><em>ponet</em></span> <span class='ocrx_word' id='word_1_445' title='bbox 1803 4430 1869 4501; x_wconf 74' lang='grc' dir='ltr'><em>δι</em></span> <span class='ocrx_word' id='word_1_446' title='bbox 1913 4429 2365 4523; x_wconf 63' lang='lat' dir='ltr'><em>existerefaciet</em></span> <span class='ocrx_word' id='word_1_447' title='bbox 2407 4429 2477 4499; x_wconf 94' lang='lat' dir='ltr'>D</span> <span class='ocrx_word' id='word_1_448' title='bbox 2493 4443 2597 4501; x_wconf 74' lang='grc' dir='ltr'><em>ευ</em></span> <span class='ocrx_word' id='word_1_449' title='bbox 2612 4448 2675 4501; x_wconf 71' lang='lat' dir='ltr'><em>m</em></span> <span class='ocrx_word' id='word_1_450' title='bbox 2721 4428 2966 4499; x_wconf 74' lang='lat' dir='ltr'><em>realiter</em></span> <span class='ocrx_word' id='word_1_451' title='bbox 2991 4430 3056 4501; x_wconf 69' lang='grc' dir='ltr'><strong>ἃ</strong></span> <span class='ocrx_word' id='word_1_452' title='bbox 3076 4430 3431 4524; x_wconf 62' lang='lat' dir='ltr'><em>sbi-‚naliter</em></span> <span class='ocrx_word' id='word_1_453' title='bbox 3460 4452 3645 4507; x_wconf 80' lang='lat' dir='ltr'><em>extra</em></span> <span class='ocrx_word' id='word_1_454' title='bbox 3678 4459 3864 4507; x_wconf 82' lang='lat' dir='ltr'><em>men-</em></span> 
     </span>
     <span class='ocr_line' id='line_1_40' title="bbox 946 4524 3857 4620; baseline 0.002 -22"><span class='ocrx_word' id='word_1_455' title='bbox 946 4525 1139 4599; x_wconf 81' lang='lat' dir='ltr'><em>tem?</em></span> <span class='ocrx_word' id='word_1_456' title='bbox 1189 4529 1343 4601; x_wconf 87' lang='lat' dir='ltr'><em>Hoc</em></span> <span class='ocrx_word' id='word_1_457' title='bbox 1372 4553 1532 4601; x_wconf 84' lang='lat' dir='ltr'><em>vero</em></span> <span class='ocrx_word' id='word_1_458' title='bbox 1561 4524 1609 4598; x_wconf 87' lang='lat' dir='ltr'>fi</span> <span class='ocrx_word' id='word_1_459' title='bbox 1641 4524 1827 4613; x_wconf 81' lang='lat' dir='ltr'><em>effet,</em></span> <span class='ocrx_word' id='word_1_460' title='bbox 1855 4526 1993 4619; x_wconf 80' lang='lat' dir='ltr'><em>jam</em></span> <span class='ocrx_word' id='word_1_461' title='bbox 2035 4529 2161 4601; x_wconf 74' lang='lat' dir='ltr'><em>DE</em></span> <span class='ocrx_word' id='word_1_462' title='bbox 2183 4548 2228 4599; x_wconf 81' lang='grc' dir='ltr'><strong>υ</strong></span> <span class='ocrx_word' id='word_1_463' title='bbox 2249 4547 2281 4598; x_wconf 83' lang='lat' dir='ltr'>s</span> <span class='ocrx_word' id='word_1_464' title='bbox 2331 4552 2465 4620; x_wconf 78' lang='lat' dir='ltr'><em>non</em></span> <span class='ocrx_word' id='word_1_465' title='bbox 2479 4528 2614 4616; x_wconf 68' lang='lat' dir='ltr'><em>fica</em></span> <span class='ocrx_word' id='word_1_466' title='bbox 2655 4525 2726 4597; x_wconf 85' lang='lat' dir='ltr'><em>vi</em></span> <span class='ocrx_word' id='word_1_467' title='bbox 2754 4524 3051 4600; x_wconf 82' lang='lat' dir='ltr'><em>existeret</em></span> <span class='ocrx_word' id='word_1_468' title='bbox 3077 4529 3379 4609; x_wconf 77' lang='lat' dir='ltr'><em>realiter:</em></span> <span class='ocrx_word' id='word_1_469' title='bbox 3421 4529 3529 4608; x_wconf 76' lang='lat' dir='ltr'><em>sed</em></span> <span class='ocrx_word' id='word_1_470' title='bbox 3568 4540 3643 4606; x_wconf 85' lang='lat' dir='ltr'><em>vi</em></span> <span class='ocrx_word' id='word_1_471' title='bbox 3662 4539 3857 4606; x_wconf 86' lang='lat' dir='ltr'><em>omni-</em></span> 
     </span>
     <span class='ocr_line' id='line_1_41' title="bbox 933 4623 2957 4723; baseline -0.003 -21"><span class='ocrx_word' id='word_1_472' title='bbox 933 4635 1239 4717; x_wconf 69' lang='lat' dir='ltr'><em>potentia,</em></span> <span class='ocrx_word' id='word_1_473' title='bbox 1290 4649 1444 4720; x_wconf 81' lang='lat' dir='ltr'><em>quae</em></span> <span class='ocrx_word' id='word_1_474' title='bbox 1489 4628 1810 4723; x_wconf 80' lang='lat' dir='ltr'><em>reperitur</em></span> <span class='ocrx_word' id='word_1_475' title='bbox 1849 4623 2136 4717; x_wconf 65' lang='lat' dir='ltr'><em>objeeltve</em></span> <span class='ocrx_word' id='word_1_476' title='bbox 2174 4625 2246 4700; x_wconf 87' lang='lat' dir='ltr'><em>in</em></span> <span class='ocrx_word' id='word_1_477' title='bbox 2277 4624 2432 4699; x_wconf 83' lang='lat' dir='ltr'><em>Idea</em></span> <span class='ocrx_word' id='word_1_478' title='bbox 2482 4639 2653 4701; x_wconf 77' lang='lat' dir='ltr'><em>meae</em></span> <span class='ocrx_word' id='word_1_479' title='bbox 2698 4624 2957 4702; x_wconf 71' lang='lat' dir='ltr'><em>mentis.</em></span> 
     </span>
    </p>

    <p class='ocr_par' dir='ltr' id='par_1_7' title="bbox 3638 4731 3841 4819">
     <span class='ocr_line' id='line_1_42' title="bbox 3638 4731 3841 4819; baseline 0 -19"><span class='ocrx_word' id='word_1_480' title='bbox 3638 4731 3841 4819; x_wconf 79' lang='lat' dir='ltr'><em>Qo.</em></span> 
     </span>
    </p>
   </div>
   <div class='ocr_carea' id='block_1_7' title="bbox 4118 2538 4122 3158">
    <p class='ocr_par' dir='ltr' id='par_1_8' title="bbox 4118 2538 4122 3158">
     <span class='ocr_line' id='line_1_43' title="bbox 4118 2538 4122 3158; baseline 0 0"><span class='ocrx_word' id='word_1_481' title='bbox 4118 2538 4122 3158; x_wconf 95' lang='lat' dir='ltr'><em> </em></span> 
     </span>
    </p>
   </div>
  </div>
 </body>
</html>
