4188 5670
881 372 1024 455 184
1632 349 2481 439 P‘nrt‘osorurm‘
2578 352 3103 441 Monuit

981 523 1337 631 trebi-aque
1385 527 1731 614 iteratione
1765 592 1788 629 ,
1841 544 1907 615 ἃ
1934 539 2270 623 obstacula
2298 536 2416 624 ista
2468 558 2780 620 amovere
2810 594 2836 632 ,
2865 545 2932 617 &
2971 541 3056 618 ad
3102 538 3407 621 habitum
3452 540 3815 627 semndun‘i

986 643 1310 712 rationem
1348 639 1616 710 vivendi
1669 642 1991 733 paulatim
2038 646 2314 740 propius
2358 646 2664 721 accedere
2712 664 3046 740 queamus.

899 738 969 812 V
991 739 1024 812 I
1048 738 1084 810 Ι
1107 738 1160 809 Ι.
1223 744 1433 810 Prima
1483 738 1871 812 monstrabit
1900 791 1923 826 ‚
1974 745 2132 836 quid
2172 742 2364 819 nobis
2405 743 2774 821 faciendum
2824 739 2949 825 stt3
3001 743 3271 837 ficunda
3335 743 3635 822 incitabit
3665 796 3690 837 ,
3749 770 3825 825 ut

1008 837 1074 1008 ista}
1117 835 1331 909 facere
1364 835 1686 1006 rsrielimun
1736 846 1920 915 tertia
1964 844 2030 915 ἃ
2054 863 2309 951 'quarta
2348 872 2471 920 nos
2516 837 2987 940 praeparabunt
3052 846 3115 917 ἃ
3162 841 3508 940 disponent
3537 898 3561 937 ,
3620 867 3700 925 ut
3758 849 3826 923 id

1081 960 1221 1007 cete
1283 961 1370 1030 po
1429 959 1626 1008 rmus,
3603 976 3606 980 “

1327 1088 1958 1178 PRIMA
2077 1082 2524 1180 PARS
2602 1036 3389 1220 >E‘.t‘112rl‘⁴*cA¹}.

917 1250 1063 1334 IX.
1127 1254 1336 1351 Qod
1378 1261 1528 1337 sana
1572 1268 1740 1361 ratio
1776 1268 1813 1337 a
1850 1256 2041 1342 nobis
2077 1262 2363 1364 postulat
2390 1320 2415 1358 ,
2468 1268 2727 1359 officium
2781 1271 2818 1337 a
2856 1264 3255 1360 Philosophis
3293 1259 3600 1361 appellari
3647 1266 3821 1343 solen

914 1361 1005 1433 X.
1068 1358 1316 1435 Officia
1356 1366 1705 1454 commode
1753 1365 1960 1460 vulgo
2007 1368 2393 1441 dividuntur
2442 1369 2511 1440 in
2546 1393 2621 1441 ea
2648 1419 2674 1456 ‚
2743 1363 2981 1461 quibus
3008 1371 3139 1443 Deo
3168 1413 3192 1453 ‚
3241 1364 3480 1460 quibus
3506 1367 3670 1441 nobis
3694 1421 3719 1457 ,
3768 1369 3829 1439 &

1012 1459 1253 1551 quibus
1306 1461 1443 1534 aliis
1485 1463 1809 1536 hominibus
1854 1462 2336 1563 obstringimur.
2472 1554 2475 1561 ‚
2774 1552 2780 1559 Δ
3340 1474 3349 1483 “

912 1546 984 1630 X
1026 1559 1077 1630 Ι.
1136 1560 1332 1632 Ratio
1372 1565 1616 1656 exigit,
1674 1578 1753 1635 ut
1791 1569 1921 1638 Deo
1950 1615 1970 1649 ,
2016 1569 2051 1635 a
2097 1590 2233 1659 quo
2297 1565 2573 1640 omnino
2619 1560 2978 1658 pendemus
3002 1604 3027 1651 ‚
3075 1565 3352 1651 omnia,
3391 1566 3571 1659 ‘quae
3613 1562 3828 1636 sumus

969 1658 984 1673 ⁶
1011 1660 1076 1729 ἃ
1133 1657 1450 1731 habemus
1481 1706 1503 1747 ‚
1565 1682 1828 1755 accepta
1859 1661 2263 1747 referamus3
2305 1666 2532 1737 omnia
2566 1660 2654 1737 ab
2703 1662 2844 1756 ipso
2891 1666 3308 1757 expectemus
3368 1666 3433 1737 &
3481 1684 3779 1757 petamus
3805 1690 3827 1746 ³

1010 1756 1294 1831 nostram
1331 1759 1749 1833 voluntatem
1801 1760 1938 1854 ejus
1986 1763 2315 1836 voluntati
2353 1760 2766 1855 subjiciamus·
2784 1790 2813 1846 ,-
2863 1757 3151 1835 infinitas
3203 1762 3338 1854 eJus
3375 1761 3824 1857 perfectione&

1008 1859 1107 1929 uti
1163 1882 1277 1950 par
1312 1858 1401 1930 est
1428 1912 1449 1945 ,
1494 1864 1558 1933 δὲ
1601 1858 1998 1933 aestimemus
2042 1908 2066 1950 ,
2136 1862 2202 1934 &
2244 1886 2660 1934 revereamur
2713 1912 2737 1948 ‚
2809 1855 3183 1935 bonitatem
3264 1860 3627 1955 praesertim
3682 1886 3827 1955 erga

1012 1978 1334 2031 creaturas
1366 1955 1795 2041 intensiffimo
1837 1976 2065 2043 amore
2115 1959 2624 2055 prosequamur:
2703 1956 3033 2053 Huneque
3074 1961 3155 2032 de
3188 1960 3339 2031 Deo
3386 1958 3640 2032 sensum
3695 1984 3825 2031 non

1004 2044 1168 2143 intra
1223 2060 1445 2149 pectus
1491 2072 1904 2150 premamuS,
1959 2057 2067 2130 sed
2113 2061 2394 2133 externis
2426 2062 2621 2134 etiam
2663 2053 2855 2153 sign³s
2879 2108 2904 2144 ,
2944 2060 3236 2154 corporis
3277 2059 3478 2132 nostri
3506 2055 3824 2149 motibus,
3924 2050 3943 2066 ’

925 2235 938 2242 „
1013 2150 1294 2244 gestibus
1321 2206 1343 2240 ,
1382 2157 1566 2228 dictis
1605 2158 1935 2251 praecipue
1978 2179 2047 2229 at
2091 2182 2179 2231 ue
2222 2157 2407 2230 factis
2432 2208 2457 2246 ,
2506 2158 2970 2252 exprimamus.
3120 2170 3131 2189 ‘
3638 2196 3653 2225 ι

911 2236 1042 2322 XI
1071 2252 1122 2323 Ι.
1179 2252 1376 2324 Ratio
1410 2255 1653 2346 exigit,
1688 2276 1768 2329 ut
1806 2259 1850 2327 ii
1877 2294 1898 2330 ι
1953 2184 2194 2349 quibus
2233 2259 2417 2331 Deus
2467 2259 2657 2350 plura
2696 2256 2762 2327 &
2801 2256 3052 2349 majora
3113 2276 3256 2351 prae
3327 2254 3468 2329 aliis
3514 2253 3824 2330 beneficia

1023 2348 1322 2440 praestitit
1347 2400 1369 2436 ,
1417 2370 1555 2444 prae
1599 2355 1735 2423 aliis
1783 2353 1996 2447 ipsum
2038 2374 2283 2427 ament.
2514 2438 2521 2447 Ἰ

910 2432 983 2517 X
1011 2446 1042 2519 1
1071 2448 1178 2521 II·.
1251 2448 1447 2522 Ratio
1493 2447 1774 2542 postulat
1798 2502 1818 2538 ‚
1853 2470 1930 2523 ut
1965 2476 2084 2523 nos
2135 2451 2342 2546 ipsos,
2393 2448 2678 2545 nostram
2710 2448 2998 2541 animam
3031 2457 3096 2528 ἃ
3145 2467 3380 2547 corpus
3405 2503 3427 2540 ,
3478 2452 3821 2549 omnesque

1018 2536 1354 2642 utriusque
1401 2547 1586 2621 dotes
1617 2596 1639 2636 ,
1679 2553 1744 2622 &
1800 2549 2107 2644 quicquid
2154 2572 2375 2624 rerum
2423 2550 2862 2627 externarum‘
2897 2555 2979 2626 ad
3022 2556 3163 2626 haec
3209 2550 3651 2627 conservanda
3686 2580 3821 2649 per-

1009 2648 1176 2719 tinet
1202 2698 1227 2734 ,
1275 2646 1517 2721 solicite
1559 2647 2020 2723 conservemus·
2045 2678 2072 2733 ,-
2136 2674 2339 2745 eaque
2370 2651 2606 2723 omnia
2640 2656 2843 2749 magis
2871 2666 2949 2726 ac
3000 2652 3205 2747 magis
3228 2647 3645 2744 perficiamus
3666 2704 3688 2741 ,
3726 2670 3818 2725 atu

1011 2768 1139 2838 que
1186 2770 1557 2843 augeamus.
2392 2766 2399 2775 ·

909 2827 983 2911 X
1009 2844 1042 2913 I
1073 2843 1157 2914 Va
1224 2847 1422 2920 Ratio
1468 2847 1672 2941 poscit
1697 2898 1719 2935 ,
1769 2860 1886 2937 ut,
1924 2869 2060 2943 que
2086 2842 2244 2945 quid
2277 2851 2347 2922 in
2386 2839 2577 2926 nobis
2610 2852 3013 2947 ptaestantius
3046 2841 3139 2921 est
3167 2900 3191 2936 ,
3236 2865 3376 2942 quo
3403 2854 3611 2945 magis
3638 2903 3661 2939 ,
3695 2877 3822 2945 quo

1018 2939 1260 3013 diutius
1302 2945 1639 3029 nostrum,
1682 2970 1763 3017 eo
1788 2998 1810 3035 ,
1858 2951 2108 3022 caeteris
2172 2949 2441 3043 paribus
2467 3000 2492 3039 ,
2550 2954 2784 3044 majori
2841 2949 3244 3023 solicitudine
3289 2951 3357 3022 id
3388 2955 3454 3024 ἃ
3499 2948 3824 3024 conserve-

1021 3062 1168 3110 mus
1215 3043 1280 3112 &
1335 3041 1766 3135 perficiamu&
2144 3067 2155 3078 ·
2280 3136 2284 3139 Α
2755 3135 2758 3138 v

910 3124 983 3212 X
1015 3137 1101 3211 Vi
1170 3130 1418 3212 Officia
1457 3167 1595 3238 erga
1640 3143 1789 3213 alios
1832 3140 1981 3213 sunt
2023 3141 2139 3220 vel
2176 3135 2549 3232 universalia
2575 3195 2598 3230 ,
2630 3144 2872 3238 quibus
2915 3143 3223 3220 'omnibus
3259 3144 3645 3220 hominibus
3673 3199 3695 3236 ,
3726 3146 3827 3222 vel

917 3315 948 3334 .-
1008 3241 1462 3330 particularia,
1516 3238 1755 3334 quibus
1800 3238 2123 3334 aliquibus
2169 3257 2435 3313 tantum
2486 3240 2970 3340 obstringimur.

912 3335 984 3410 X
1009 3339 1075 3409 V
1104 3340 1154 3411 Ι.
1230 3342 1417 3412 Circa
1457 3340 1829 3426 universalia
1873 3343 2146 3433 requirit
2183 3343 2354 3412 ratio
2379 3393 2403 3429 ,
2456 3363 2532 3413 ut
2566 3344 2725 3415 alios
2772 3347 3066 3417 homines
3111 3342 3302 3437 aeque
3334 3367 3412 3416 ac
3450 3367 3569 3415 nos
3618 3344 3825 3415 homi-

1001 3461 1120 3510 nes
1174 3437 1292 3511 effe
1313 3491 1341 3527 ,
1393 3436 1918 3524 confideremusz
1973 3466 2084 3514 eos
2120 3443 2472 3514 tractemus
2511 3467 2647 3514 non
2685 3444 2888 3514 modo
2927 3463 3243 3536 tanquam
3272 3439 3823 3534 consanguinem,

1016 3534 1122 3607 sed
1176 3559 1495 3631 tanquam
1545 3533 1780 3612 natura
1833 3539 2091 3635 prorsus
2138 3537 2338 3611 nobis
2390 3541 2673 3634 aequales
2713 3542 2920 3623 mihil
2966 3544 3298 3613 credamus
3351 3536 3540 3610 nobis
3593 3541 3824 3626 licere,

923 3703 936 3710 -
1014 3636 1194 3726 quod
1239 3662 1378 3728 non
1411 3639 1530 3710 illis
1576 3638 1818 3731 pariter
1875 3640 2061 3712 liceat
2107 3657 2130 3720 3
2204 3638 2460 3710 nullum
2508 3636 2698 3712 nobis
2745 3641 2813 3710 in
2861 3639 3004 3711 illos
3049 3639 3153 3731 jus
3205 3661 3584 3732 arrogemus
3613 3688 3636 3724 ,
3711 3636 3830 3710 nili

877 3815 903 3826 ,-
1007 3734 1275 3825 praecise
1310 3754 1615 3822 tantum,
1666 3750 1989 3826 quantum
2015 3738 2103 3808 illi
2148 3735 2467 3822 consensu
2508 3735 2625 3808 suo
2679 3734 2965 3828 expreffo
3001 3757 3115 3810 aut
3152 3738 3351 3809 tacito
3373 3782 3400 3820 ,
3450 3735 3641 3809 nobis
3678 3763 3830 3810 cona

911 3915 926 3928 q
1019 3831 1336 3904 cefferunt
1372 3859 1394 3912 3
1441 3855 1649 3926 atque,
1689 3833 1980 3905 conceffo
2028 3835 2173 3924 jure
2222 3836 2592 3905 humaniter
2635 3853 2918 3912 utamuri

901 3928 985 4006 X
1009 3927 1209 4001 VII.
1279 3931 1479 4003 Ratio
1518 3932 1786 4021 requirit
1810 3980 1833 4015 ,
1877 3949 1954 4002 ut
1978 3981 2002 4017 ‚
2044 3927 2363 4020 fiquidem
2396 3951 2619 4002 totum
2651 3928 2732 4003 fit
2779 3933 2989 4024 majus
3038 3929 3150 4003 sua
3196 3948 3381 4025 parte
3406 3981 3433 4018 ,
3480 3942 3696 4004 totam
3724 3959 3835 4029 ge-

1012 4029 1182 4096 neris
1230 4030 1497 4097 humani
1549 4027 1920 4099 societatem
1947 4079 1972 4117 ‚
2029 4027 2199 4121 parti
2244 4027 2382 4119 ejus
2411 4078 2436 4116 ‚
2486 4048 2687 4124 atque
2741 4031 3014 4126 proinde
3063 4027 3253 4102 nobis
3301 4053 3569 4124 quoque
3618 4031 3769 4127 ipsis
3805 4077 3831 4121 ,

1029 4144 1556 4217 anteponamus3
1599 4145 1685 4197 ut
1707 4123 1908 4197 fidem
1932 4177 1957 4215 ‚
1985 4125 2395 4220 praecipuum
2420 4125 2739 4210 societatis
2778 4132 3113 4206 vinculum
3142 4180 3166 4218 ,
3207 4126 3420 4202 fincte
3448 4128 3831 4213 servemus3

1031 4243 1109 4295 ut
1156 4220 1576 4316 praeferamus
1610 4249 1874 4318 quoque
1921 4227 2336 4322 particulares
2371 4226 2746 4320 societates,
2782 4255 3063 4325 quarum
3095 4245 3311 4323 partes
3337 4226 3833 4320 constituimuS,

925 4413 932 4417 ‚
1038 4319 1442 4417 quibuslibet
1492 4324 1747 4397 illarum
1797 4323 2112 4399 membris
2142 4375 2164 4412 ,
2208 4349 2283 4398 ac
2310 4328 2584 4419 proinde
2616 4331 2813 4402 etiam
2845 4328 3035 4400 nobis
3074 4326 3241 4423 ipsis·

916 4417 990 4497 X
1014 4419 1270 4495 VIII.
1344 4417 1591 4495 Officia
1622 4423 1907 4516 specialia
1950 4424 2100 4497 sunt
2127 4426 2432 4517 ,quibus
2479 4427 2614 4498 aliis
2654 4423 3115 4522 obstringimur
3148 4478 3172 4516 ,
3215 4427 3320 4498 vel
3364 4448 3629 4527 propter
3686 4425 3832 4522 spe*

1031 4522 1258 4594 ciaiem
1300 4524 1798 4616 cognationem,
1837 4525 1945 4597 vel
1982 4540 2247 4617 propter
2290 4524 2630 4618 peculiaria
2672 4522 2988 4598 beneficia
3036 4525 3122 4597 ab
3172 4521 3318 4622 ipsis
3370 4547 3632 4624 accepta
3655 4522 3833 4617 (ubi

1025 4645 1211 4692 amor
1267 4621 1331 4694 ἃ
1399 4621 1702 4696 voluntas
1768 4647 1890 4716 pro
1948 4620 2086 4717 ipso
2143 4619 2316 4695 faiho
2363 4620 2699 4715 habetur)
2748 4625 2853 4699 vel
2902 4624 3179 4719 denique
3233 4625 3829 4724 propter‘speciale

913 4737 920 4742 ·
1017 4723 1306 4813 pastum.
1415 4799 1424 4806 ,
2059 4741 2068 4750 ·
3536 4815 3547 4821 ἱ

2019 4863 2022 4866 ¹
3498 4819 3777 4908 xlx.
3838 4937 3843 4943 p
