4188 5670
1083 233 1892 334 ειεῡιῑῐτδιε
2027 208 2791 325 εῖὶῑῑνῐη·
3182 270 3272 351 8,

383 426 652 530 poffimt.
734 409 966 519 Qe
993 405 1161 516 ilia,
1191 409 1345 523 quae
1383 449 1471 498 ex
1500 449 1638 497 uno
1682 421 2050 516 eodemque
2089 447 2485 518 argumento
2538 396 2988 522 concludunt,
3022 432 3283 508 tametsi

375 526 673 626 oppofita
703 530 1046 606 videantur
1066 579 1092 615 ‚
1133 520 1484 620 saepiss‘une
1538 519 1841 617 opposita
1885 546 2027 595 non
2074 519 2243 594 sunt.
2362 526 2685 621 Exemplo
2744 529 2980 605 celebri
3013 583 3037 622 ‚
3104 534 3283 629 quod

370 632 517 703 dico
559 679 585 716 ‚
667 625 1075 722 perspicuum
1125 626 1415 700 reddam.

561 811 880 898 Claudius
920 819 1264 897 Salmafius
1293 848 1392 901 ‚ac
1414 816 1648 889 Daniel
1697 809 2002 889 Heinfius
2032 869 2058 907 ‚
2102 817 2357 891 summa
2412 814 2603 895 seculi
2641 817 2840 899 nostri
2874 850 3281 919 ornamenta,
3327 800 3574 881 Salmafis·

381 949 609 1021 mgna
661 926 1081 997 contentione
1123 923 1293 994 inter
1337 919 1402 992 se
1438 914 1845 1008 disputarunt
1896 917 1973 988 de
2013 919 2222 1013 lingua
2257 918 2635 1014 Heffenssica
2660 951 2688 1006 ,-
2718 950 2801 996 an
2834 926 2946 1001 Lac
2969 932 3287 1021 peculiari,
3333 880 3641 1052 2⁵53&ss

369 1025 499 1117 five
542 1026 756 1118 lingua
787 1073 810 1110 ,
846 1020 986 1112 five
1025 1021 1272 1092 dialec‘lo
1308 1070 1332 1105 ,
1344 1017 1575 1107 scripta
1584 1013 1714 1103 fint
1742 1011 1830 1098 85‘
1851 1015 2040 1105 verfio
2070 1023 2284 1088 Graeca
2320 1025 2546 1092 Veteris
2580 1025 2935 1112 Testamenti
2957 1078 2980 1112 ,
3022 1035 3074 1100 L
3099 1035 3165 1099 X
3190 1032 3283 1098 X.
3342 1056 3405 1112 dc
3435 1051 3629 1128 lingua

229 1204 234 1209 ,
383 1131 779 1214 lampa-etum
800 1172 825 1207 ,
887 1117 978 1204 Εὖ)
1012 1126 1274 1190 Novum
1330 1116 1789 1205 Testamentmn.
1897 1113 2124 1206 Negat
2158 1116 2263 1185 ille
2289 1165 2313 1202 ‚
2364 1115 2469 1185 hic
2522 1114 2827 1193 affirmat.
2976 1121 3057 1196 In
3085 1147 3295 1219 partes
3341 1131 3580 1194 Helleni-
3618 1147 3623 1152 ·

337 1227 362 1236 ”
383 1223 497 1293 ivit
566 1217 878 1313 quicquid
921 1217 1464 1290 tumdoetorum
1497 1231 1686 1282 erat:
1752 1233 1891 1283 non
1910 1213 2101 1304 pauci
2126 1238 2248 1305 pro
2290 1232 2565 1309 utraque
2608 1214 2920 1293 sententia
2944 1220 3097 1295 libri
3120 1224 3297 1297 cons-
3334 1214 3498 1293 stica.

386 1319 560 1411 cripti
607 1317 758 1388 sunt
783 1346 803 1387 ε
847 1340 1057 1409 neque
1106 1312 1472 1397 acerbitas,
1535 1328 1612 1379 ut
1642 1306 1789 1379 suos
1823 1334 2089 1402 quoque
2147 1312 2421 1383 maximi
2464 1315 2588 1386 viri
2616 1319 2956 1408 patiuntur
3016 1347 3241 1395 manes
3278 1374 3303 1410 ,

385 1415 611 1489 abfuit.
715 1416 820 1488 En
872 1412 1212 1510 quomodo
1267 1406 1614 1485 concludat
1661 1405 2002 1481 Salmasius
2026 1406 2271 1480 librum
2304 1460 2328 1496 ‚
2373 1411 2486 1503 qui
2507 1412 2699 1506 fumes
2734 1417 2952 1513 lingua
2976 1422 3310 1514 Heleng'sti-

390 1541 467 1589 ca:
504 1511 873 1587 inscribitur
925 1540 943 1583 z
997 1512 1356 1588 introducit
1402 1504 1786 1596 Heinstolusn
1818 1558 1843 1594 ‚
1889 1510 1983 1579 ita
2034 1509 2212 1579 enim
2262 1525 2461 1580 vocat
2490 1510 2938 1587 ‘adversarium
2962 1569 2985 1603 ,
3017 1519 3316 1592 Phoenicu-

390 1617 516 1686 lum
547 1614 747 1705 secali
774 1613 884 1702 sui
907 1659 926 1686 ‚
967 1622 1041 1688 Er
1050 1611 1367 1687 aditorum
1407 1605 1781 1702 anliolmn
1799 1649 1819 1677 ,
1868 1606 2295 1705 Eloquentiam
2330 1607 2745 1697 ·Lufi:iniolam
2765 1614 3070 1709 flebilibus
3101 1619 3318 1690 modu·

389 1716 456 1784 lis
514 1712 1011 1804 inconsolabilim
1043 1729 1376 1810 gementem
1407 1757 1431 1794 ‚
1480 1730 1596 1775 non
1637 1708 1714 1775 H
1695 1705 1824 1801 ylae
1851 1703 2003 1795 fata
2028 1753 2053 1790 ,
2108 1730 2226 1776 non
2250 1708 2676 1802 Hermegardt's
2685 1708 2820 1798 suae
2846 1763 2870 1800 ‚
2889 1711 3009 1801 fid
3048 1714 3323 1808 amiffam

386 1838 593 1887 caram
614 1812 879 1908 filiolmn
907 1864 933 1898 ‚
980 1831 1231 1911 gratam
1272 1809 1444 1879 illam
1499 1800 1591 1890 ἐξ)
1654 1802 1978 1875 amabilem
2017 1803 2343 1894 puellulam
2368 1854 2391 1889 ,
2443 1805 2781 1880 deliciolum
2820 1809 3014 1899 suum
3042 1865 3066 1900 ,
3125 1817 3328 1887 Helle-

391 1914 733 2004 rusticulam
771 1918 1006 1996 nomine
1039 1962 1063 1996 ,
1106 1924 1366 1998 ereptam
1405 1902 1528 1994 fibi
1563 1901 1788 1997 grandi
1810 1903 2093 1997 facinore
2144 1902 2427 1992 Salmafii
2448 1951 2472 1988 ‚
2521 1914 2726 2000 magni
2765 1916 2939 1996 viri,
2975 1910 3095 2000 fid
3125 1920 3322 1986 Hein-

277 2073 288 2080 .
383 2009 534 2099 fiola
581 2014 848 2078 minoris.
958 2011 1026 2081 Si
1073 2027 1294 2079 tamen
1336 2001 1687 2074 resecemus
1712 2050 1738 2086 ,
1787 2023 1942 2094 quae
1995 2000 2149 2071 huic
2206 1999 2669 2075 controverfiae
2692 2005 3124 2083 admiscentur
3153 2063 3176 2098 ,
3207 2025 3330 2084 va-'

398 2109 502 2181 ria
550 2106 637 2178 ad
694 2104 1019 2178 historiam
1068 2099 1604 2197 antiquitatesque
1677 2098 2068 2191 Judaeorum
2097 2148 2123 2184 ‚
2181 2100 2575 2171 Graecorum
2600 2152 2626 2188 ,
2680 2103 3141 2184 Romanorum
3183 2136 3330 2203 per-

345 2205 352 2210 ’
393 2205 720 2279 tinentia,
789 2205 1243 2296 explicationes
1280 2201 1533 2295 aliquot
1582 2197 1883 2270 locorum
1923 2197 2375 2290 &scripturae
2400 2249 2424 2284 ,
2461 2199 2867 2296 aliorumque
2907 2204 3320 2301 scriptorum,

396 2304 466 2377 in
520 2300 769 2398 quibus
819 2301 1166 2396 aliquando
1224 2297 1563 2373 diffensum
1609 2299 1778 2370 inter
1828 2291 2287 2369 eruditiflimos
2329 2296 2530 2370 Viros
2585 2301 3044 2394 agnoscimus3
3094 2295 3325 2400 praeciss

396 2427 601 2498 puam
628 2454 653 2490 ‚
713 2425 866 2494 quae
905 2403 1292 2496 relinquitur
1337 2451 1361 2486 ,
1418 2394 1850 2492 quaestionem
1913 2398 2427 2490 Logomachiam
2484 2395 2605 2470 effe
2653 2450 2676 2485 ‚
2743 2403 2938 2473 multi
2991 2402 3328 2498 perspexe-

347 2580 352 2584 ,
399 2524 571 2576 runt.
661 2500 804 2588 Qui
858 2497 1149 2594 linguam
1194 2500 1415 2571 LXX.
1466 2497 1907 2587 Interpretum
1941 2519 2017 2565 ac
2065 2493 2454 2589 scriptorum
2506 2499 2602 2570 N.
2649 2499 2730 2571 T.
2763 2501 3055 2591 linguam
3102 2501 3324 2575 Helle-

358 2598 364 2605 ’
407 2600 703 2676 nisticam
758 2620 1054 2687 vocant,
1113 2599 1485 2690 intelligunt
1528 2596 1658 2666 hoc
1695 2593 1967 2663 nomine
1991 2593 2282 2686 linguam
2312 2645 2335 2680 ,
2382 2620 2539 2687 quae
2575 2621 2711 2667 non
2751 2622 2914 2689 pure
2960 2595 3324 2687 Graecasn,

367 2689 513 2771 'sed
556 2693 963 2771 Hebraismis
990 2750 1016 2785 ,
1053 2693 1411 2788 .Syriasmis
1439 2743 1463 2779 ,
1520 2687 1963 2764 Chaldaeismis
2007 2691 2221 2778 plena.
2299 2694 2535 2763 Talem
2577 2690 2698 2763 effe
2748 2696 2963 2766 LXX.
3006 2698 3328 2791 Interpre-

412 2818 552 2869 tum
577 2848 602 2884 ‚
657 2796 856 2868 talem
915 2793 1310 2890 scriptorum
1354 2791 1445 2863 N.
1482 2789 1566 2860 T.
1619 2787 1909 2878 linguam
1931 2834 1955 2869 ‚
2003 2786 2177 2858 haud
2224 2784 2572 2862 difficulter
2610 2789 2918 2884 probant.
3023 2796 3209 2884 Qid
3234 2795 3322 2870 ad

408 2896 547 2968 haec
588 2891 930 2971 Salmafius
955 2945 978 2980 ‚
1027 2897 1092 2966 &
1137 2892 1425 2987 quicum
1461 2913 1541 2960 eo
1571 2882 1856 2959 sentiunt
1895 2883 1927 2955 ἲ
1991 2884 2243 2958 Dicunt
2260 2938 2292 2973 .,
2340 2887 2631 2982 linguam
2668 2891 2836 2963 hanc
2866 2916 3325 2969 commentum

417 2993 558 3065 effe·
633 2999 855 3081 Qare
903 2992 1172 3066 tandem
1198 2993 1243 3061 ,9
1291 2989 1444 3059 Hoc
1478 2985 1614 3080 ipso
1660 2983 1831 3054 inter
1883 2982 2008 3054 alia
2058 3005 2448 3079 argumento
2499 3006 2776 3062 utuntur
2802 3042 2829 3077 ,
2886 3017 3022 3085 quo
3070 2996 3322 3067 Adver-

420 3089 584 3161 sarii.
689 3087 974 3163 Probant
998 3142 1021 3177 ‚
1054 3086 1540 3178 hanclinguam
1569 3080 1926 3155 innumeris
1946 3079 2343 3157 Hebraismis
2369 3084 2602 3159 scatere
2630 3116 2651 3169 3
2675 3091 3009 3182 magisque
3037 3094 3101 3156 {C
3142 3092 3321 3168 αὶζευ

426 3209 626 3280 quam
675 3190 1018 3270 ὲᾰλωιὶζανς
1062 3206 1323 3261 tantum
1353 3186 1546 3276 igitur
1595 3175 1801 3251 abeffe
1833 3228 1859 3266 ‚
1918 3198 1997 3252 ut
2033 3181 2445 3254 Hellenistica
2477 3183 2557 3257 sit
2587 3235 2612 3270 ,
2662 3204 2741 3256 ut
2792 3189 3014 3275 potius
3080 3205 3133 3253 ιε
3171 3183 3322 3253 He·-

414 3283 706 3358 braistica
735 3332 761 3370 ‚
796 3284 1255 3359 exhellenistica
1283 3330 1306 3368 ,
1359 3276 1847 3373 aphellenistica.
1975 3278 2285 3370 Agnoscis
2330 3305 2468 3349 uno
2516 3282 2876 3371 eodemque
2922 3296 3315 3373 argumento

417 3382 603 3456 suam
645 3409 974 3479 quemque
1024 3381 1408 3461 sententiam
1460 3370 1847 3453 confirmre
1893 3397 1913 3441 Ξ
1963 3374 2032 3445 id
2086 3375 2269 3473 quod
2321 3399 2442 3446 nos
2493 3375 2958 3476 LOgOmaChlae
2997 3375 3313 3454 indictum
3410 3420 3418 3424 ⁴
3513 3462 3524 3475 .

417 3480 540 3554 effe
590 3483 889 3556 diximus.

609 3585 909 3683 Pleraque
969 3583 1390 3677 disputationes
1464 3585 1540 3657 de
1610 3576 2045 3681 definitim‘bm
2098 3574 2190 3668 Εὖ)
2250 3576 2633 3671 divisionibus
2699 3580 3094 3676 Logomachiae
3129 3581 3301 3672 fient.
3364 3578 3612 3657 'Sffg’fflm

407 3679 857 3776 Praeterquam
894 3687 1069 3757 enim
1094 3734 1117 3769 ,
1167 3683 1347 3776 quod
1387 3683 1708 3775 ejusmodi
1744 3680 2205 3775 disputationes
2237 3678 2441 3752 solam
2478 3681 2841 3776 plerunque
2890 3682 3308 3767 methodum,
3362 3666 3491 3722 ΥΠ·

410 3782 820 3874 modumque
870 3780 1224 3874 disciplinas
1268 3783 1562 3854 tradendi
1600 3782 1888 3876 spectant
1930 3828 1957 3866 ‚
2009 3805 2168 3873 quas
2234 3780 2826 3874 'Logomachiarum
2887 3778 3121 3874 species
3190 3776 3310 3853 effe

409 3875 906 3952 observavimus
928 3906 950 3950 ε
1001 3901 1079 3952 ut
1120 3877 1203 3950 de
1247 3878 1676 3972 delinitionibm
1716 3882 2003 3974 primum
2037 3879 2386 3971 loquamur
2443 3905 2462 3948 :
2516 3878 2880 3973 Affinitiones
2927 3877 3074 3952 aliae
3111 3884 3314 3952 nomi-

407 3978 501 4046 na
547 3978 855 4052 dicuntur
883 4026 908 4064 ‚
952 3979 1096 4052 aliae
1143 3982 1251 4047 rei.
1369 3978 1447 4049 In
1484 3979 1912 4074 definitionibm
1931 3985 2041 4048 'rei
2090 3973 2431 4067 saepiffnne
2472 4002 2607 4049 non
2636 3998 2776 4051 tam
2812 3978 3311 4073 reprehenditur
3369 3983 3665 4062 Dffinisffo..

412 4070 649 4147 falsitas
679 4124 703 4163 ,
755 4101 958 4172 quam
1004 4073 1184 4170 quod
1221 4072 1526 4168 perfectae
1568 4074 1960 4148 definitionis
1991 4070 2242 4165 legibus
2283 4100 2420 4147 non
2458 4074 2834 4151 conformes
2887 4076 3040 4150 sunt
3079 4105 3108 4158 3
3151 4102 3309 4172 quae
3366 4081 3465 4123 ”⁶⁸
3485 4074 3589 4128 '‘¹‘-

418 4189 635 4245 tamen
679 4176 847 4269 leges
909 4199 1052 4247 non
1109 4196 1347 4243 omnes
1415 4171 1700 4264 ejusdem
1755 4173 1905 4246 sunt
1957 4169 2363 4244 neceffitatis.
2487 4176 2660 4248 Haec
2706 4174 2928 4270 paullo
2975 4173 3315 4248 obscurior

429 4268 509 4345 est
551 4297 571 4340 ε
625 4272 694 4343 Si
734 4272 1013 4345 verbum
1054 4274 1177 4342 hoc
1221 4270 1517 4342 additum
1569 4269 1776 4343 fuiffet
1817 4322 1842 4358 ‚
1908 4269 2137 4341 clarior
2181 4266 2350 4343 effet.
2516 4273 2640 4346 Sed
2704 4277 2799 4345 ita
2834 4268 3131 4346 definitio
3179 4296 3321 4345 non

436 4365 573 4439 effet
619 4367 839 4445 brevis
872 4398 891 4440 ε
948 4370 1052 4440 hic
1076 4392 1279 4463 genus
1324 4369 1654 4440 omittitur
1695 4394 1713 4439 ε
1759 4370 1888 4442 iilic
1919 4391 2121 4463 genus
2145 4369 2343 4460 paulo
2366 4372 2639 4462 propius
2670 4370 2946 4443 inveniri
2968 4366 3275 4463 potuiffet
3302 4390 3328 4433 ε

431 4464 831 4540 vocabulum
934 4468 1065 4538 hoc
1123 4463 1214 4536 est
1274 4463 1663 4560 ambiguum
1713 4491 1742 4536 τ
1814 4467 2039 4538 clarius
2103 4463 2413 4539 definitur
2482 4467 2727 4562 Logica
2761 4517 2788 4555 ,
2854 4489 2957 4539 ars
3030 4465 3174 4535 bene
3245 4484 3341 4530 co-

403 4566 659 4665 gBandi
721 4596 742 4635 .-
816 4564 926 4636 sed
979 4562 1135 4634 illud
1188 4563 1331 4635 bene
1386 4565 1521 4658 jam
1563 4565 1720 4636 latet
1767 4566 1839 4642 in
1879 4567 2030 4647 attis
2075 4560 2427 4644 vocabulo,
2572 4563 3023 4641 Grammaticis
3081 4553 3177 4629 est
3245 4573 3353 4623 ars

609 4657 998 4760 -Wererfi’lfii
1047 4660 1370 4763 opuscula:
1422 4662 1777 4765 10122112
2529 4665 2614 4759 M.
3207 4644 3374 4741 ΜΨ
