4188 5670
937 347 1080 428 380
1456 399 1465 406 .
1770 338 2759 418 Eleazar-Arno

938 538 984 614 ί.
1028 552 1083 601 e.
1119 548 1275 600 cum
1318 522 1596 597 alterum
1626 544 1892 616 quoque
1920 539 2194 594 motum
2246 523 2572 597 comitem·
2599 517 2852 600 lubuit„
2909 523 3086 613 Qu>
3106 518 3195 602 fit
3224 517 3560 618 deniqui
3611 537 3704 595 nt
3737 520 3884 598 duo

932 634 999 704 hi
1028 622 1275 700 cerebri
1302 641 1522 695 motus
1549 672 1572 708 ,
1610 625 1673 694 &
1699 640 1966 715 propter
2002 620 2124 693 hos
2165 641 2393 694 motus
2444 623 2645 695 etiam
2674 621 2811 697 suae
2853 627 3100 717 cuique
3114 620 3584 722 respondeam
3605 623 3869 716 cogim-

929 732 1144 803 tiones
1176 774 1199 811 ,
1225 721 1473 814 semper
1504 718 1988 815 propemodum
2031 714 2161 791 fint
2197 720 2570 813 conjunelae
2599 721 2716 803 3id
2749 722 2930 819 quod
2970 723 3039 795 in
3074 723 3212 796 aliis
3252 743 3520 817 quoque
3554 723 3868 816 corporis

936 826 1136 903 nostri
1162 818 1456 922 partibus
1487 818 1764 915 experiri
1794 815 1965 890 licet.
2115 867 2118 872 ·

1129 955 1422 1047 Quando
1446 955 1625 1029 enim
1657 953 1883 1034 affueti
1908 960 2129 1035 sumus
2158 955 2324 1029 duos
2349 951 2541 1031 simul
2564 958 2809 1056 digitos
2830 964 3102 1033 movere
3137 1008 3162 1046 ‚
3188 955 3309 1030 vix
3346 978 3654 1050 unquam
3704 956 3864 1028 alte:

1020 1083 1087 1131 m
1114 1080 1387 1130 movere
1463 1050 1751 1130 offumus
1773 1107 1799 1145 ‚
1855 1060 2022 1151 quin
2044 1055 2311 1133 alterius
2356 1075 2580 1132 motus
2610 1056 2721 1132 sua
2774 1056 3006 1153 sponte
3037 1053 3470 1149 consequatur
3492 1104 3520 1143 ,
3550 1054 3757 1149 plane
3781 1074 3860 1127 ut

910 1084 1380 1238 Sifficilimum
1456 1174 1484 1227 t
1511 1155 1789 1229 alterum
1818 1154 1954 1231 fine
1986 1157 2193 1232 altero
2218 1178 2514 1230 movere.
2566 1156 2774 1251 Cujus
2798 1155 3073 1249 quidem
3094 1156 3190 1229 rei
3216 1154 3396 1230 nulla
3417 1154 3545 1228 alia
3587 1150 3810 1226 cauffa
3827 1199 3857 1240 ‚

934 1256 1065 1344 cst,
1093 1256 1293 1351 quam
1318 1255 1501 1350 qnod
1527 1251 1568 1325 s
1596 1254 1782 1328 iritus
1820 1307 1845 1344 ‚
1883 1258 1998 1350 qui
2048 1252 2241 1332 simul
2267 1256 2339 1329 in
2373 1256 2712 1352 utriusque
2759 1251 2969 1351 digiti
3004 1251 3329 1327 musculos
3374 1250 3547 1348 saepe
3574 1251 3856 1325 influxe-

934 1374 1093 1430 runt
1121 1406 1144 1443 ‚
1172 1353 1329 1427 tales
1367 1354 1506 1426 vias
1556 1372 1858 1443 coemat,
1890 1356 2113 1450 itaque
2140 1378 2415 1428 omnem
2461 1378 2609 1428 eam
2638 1355 2931 1448 corporis
2977 1351 3180 1427 nostri
3206 1370 3514 1447 partem,
3554 1373 3729 1445 quae
3775 1349 3855 1423 ad

939 1476 1296 1546 utrumque
1318 1454 1495 1524 hunc
1521 1471 1784 1525 motum
1806 1457 2159 1548 quicquam
2190 1450 2444 1527 confert
2469 1502 2493 1541 ‚
2530 1472 2846 1546 aptarunt
2863 1480 2889 1533 3
2909 1476 2920 1514 .·
2934 1470 3013 1524 ut
3035 1450 3303 1525 tandem
3335 1474 3474 1524 non
3499 1447 3636 1523 alia
3660 1451 3853 1523 ratio-

938 1578 1029 1627 ne
1048 1549 1292 1628 facilius
1321 1553 1391 1623 in
1418 1549 1612 1622 unius
1633 1550 1818 1645 digiti
1846 1549 2169 1625 musculos
2195 1551 2463 1626 influere
2481 1547 2758 1647 poffint,
2783 1574 2985 1646 quam
3009 1547 3060 1622 si
3086 1550 3323 1622 eodem
3341 1569 3652 1643 tempore
3685 1549 3848 1635 viar,

933 1675 1053 1744 per
1090 1673 1253 1742 quas
1275 1648 1342 1721 in
1366 1648 1624 1721 alterius
1651 1673 1919 1746 quoque
1951 1650 2279 1723 musculos
2313 1669 2659 1743 penetrent
2702 1699 2728 1737 ‚
2758 1668 3009 1745 apertas
3035 1649 3375 1723 inveniant
3400 1669 3602 1742 atque
3639 1648 3712 1720 in
3749 1668 3846 1718 eas

937 1749 1292 1824 confluant.
1378 1747 1564 1821 Idem
1642 1748 1785 1821 lane
1813 1751 2226 1844 experiemur
2250 1793 2278 1836 ,
2314 1745 2364 1820 fi
2400 1747 2644 1844 saepius
2671 1748 2835 1821 duas
2880 1771 3112 1820 manus
3145 1781 3184 1834 ²„
3209 1761 3328 1819 aut
3358 1765 3566 1840 caput
3601 1749 3670 1820 &
3717 1766 3844 1817 ma·

939 1873 1103 1931 num
1142 1866 1259 1920 aut
1284 1848 1531 1941 pedem
1596 1847 1761 1919 rmul
1799 1871 2073 1923 movere
2103 1842 2548 1922 affuescimus:
2583 1868 2745 1922 tunc
2778 1848 2957 1919 enim
2977 1847 3094 1919 vix
3130 1869 3429 1938 unquam
3457 1845 3836 1936 alterutrum
3859 1851 3874 1858 ’

938 1950 1182 2028 horum
1230 1942 1439 2018 facere
1505 1941 1835 2040 poffumus
1860 1998 1884 2034 ‚
1934 1947 2096 2039 quin
2124 1950 2319 2020 unius
2355 1944 2639 2019 membri
2678 1964 2900 2019 motus
2923 1946 3187 2033 ‚etiam
3223 1961 3496 2016 motum
3541 1944 3827 2029 alterius,

937 2043 1131 2134 nobis
1157 2043 1328 2137 faepe
1350 2068 1487 2117 non
1509 2042 1983 2137 cogitantibus,
2034 2045 2245 2119 immo
2273 2043 2786 2141 repugnantibus
2814 2094 2840 2133 ‚
2887 2041 3033 2140 post
3058 2040 3120 2115 se
3146 2043 3387 2115 trahat.

1134 2192 1317 2279 Quae
1341 2187 1610 2272 omnia,
1638 2182 1689 2260 fi
1712 2190 1855 2283 quis
1883 2189 1967 2262 ad
2008 2184 2350 2263 cerebrum
2379 2187 2722 2264 transferat
2769 2240 2795 2280 ,
2845 2209 2963 2264 aut
2990 2204 3245 2284 partem
3270 2210 3424 2259 eam
3450 2181 3689 2258 cerebri
3710 2229 3735 2266 ‚
3766 2178 3832 2249 in

939 2311 1073 2383 qua
1099 2282 1308 2362 sensus
1343 2287 1709 2358 communis
1768 2283 2041 2361 residere
2091 2288 2328 2362 dicitur
2351 2316 2378 2371 ,-
2424 2312 2502 2362 ac
2556 2289 2917 2382 perpendat
2938 2338 2964 2375 ‚
3021 2286 3162 2360 suas
3208 2308 3538 2379 quemque
3577 2297 3829 2353 motum

937 2384 1366 2481 cogitationes
1398 2404 1517 2457 aut
1535 2385 1900 2477 praecedere
1927 2404 2044 2458 aut
2064 2382 2244 2473 sequi
2266 2407 2383 2459 aut
2419 2386 2719 2460 comitari
2743 2416 2770 2471 ‚-
2800 2385 2985 2460 facile
3021 2383 3489 2459 animadvertet
3508 2431 3534 2468 ,
3573 2401 3693 2471 qua
3720 2395 3820 2444 ra-

936 2486 1118 2558 tione
1141 2484 1568 2580 cogitationes
1584 2533 1607 2569 ‚
1652 2484 1820 2556 inter
1849 2508 2011 2577 quas
2064 2507 2204 2556 non
2232 2483 2438 2558 modo
2478 2483 2695 2557 nullus
2729 2486 3047 2559 naturalis
3077 2483 3170 2556 est
3212 2505 3410 2555 nexus
3445 2531 3468 2568 ,
3499 2476 3598 2551 sed
3622 2474 3820 2546 etiam

944 2582 1190 2655 mirum
1217 2601 1541 2677 quantum
1582 2576 1952 2655 diffidentes
1966 2631 1992 2670 ‚
2027 2582 2423 2677 conjungere
2447 2578 2764 2679 poffimus
2783 2612 2810 2668 ‚-
2837 2581 3160 2677 fimulque
3190 2580 3501 2674 intelliget
3514 2629 3537 2666 ,
3574 2596 3716 2670 quae
3737 2573 3820 2642 ht

942 2680 1050 2754 illa
1075 2682 1420 2757 memoriae
1444 2680 1543 2752 vis
1560 2729 1583 2767 ‚
1610 2705 1764 2776 quae
1787 2702 1929 2782 tam
1964 2679 2362 2756 admirabilis
2381 2683 2454 2755 in
2482 2677 2877 2776 quibusdam
2909 2677 3289 2756 hominibus
3320 2678 3413 2751 est
3451 2704 3475 2748 ι
3523 2699 3625 2749 cur
3669 2668 3829 2744 adeo

942 2783 982 2854 a
1013 2783 1299 2877 corporis
1324 2783 1499 2858 recta
1523 2783 1837 2875 temperie
1866 2778 2271 2874 dependeat3
2319 2805 2435 2855 cur
2461 2804 2617 2854 cum
2646 2799 2843 2856 aetate
2888 2780 3127 2856 crescat
3160 2798 3277 2854 aut
3295 2775 3642 2851 descrescat
3675 2789 3834 2854 scut

941 2878 1195 2954 morbis
1232 2883 1424 2954 variis
1475 2882 1902 2954 imminuatur
1919 2929 1945 2966 ,
1994 2881 2059 2951 ἃ
2083 2880 2480 2975 quandoque
2508 2877 2799 2954 funditus
2840 2901 3108 2975 pereat3
3151 2881 3246 2952 ita
3294 2882 3373 2948 ut
3399 2869 3694 2948 universa
3725 2892 3834 2941 vo-

941 2998 1102 3048 cum
1128 2996 1325 3072 atque
1354 2978 1834 3070 cogitationum
1874 2980 2201 3051 connexio
2253 2978 2347 3050 ita
2372 2974 2748 3055 diffolvatur
2763 3030 2790 3069 ‚
2847 2998 2923 3052 ut
2968 2979 3086 3051 vix
3115 2976 3399 3052 nominis
3423 2976 3697 3069 quisque
3747 2963 3833 3043 sui

944 3074 1230 3170 amplius
1253 3072 1647 3146 recordetur.
1815 3140 1825 3149 .
2265 3139 2271 3143 ,
3711 3131 3718 3139 .

1145 3177 1549 3265 Qianquam
1573 3172 1739 3243 vero
1764 3171 1910 3245 haec
1936 3172 2412 3265 cogitationum
2437 3172 2815 3267 conjunctio
2849 3171 2933 3248 fit
2956 3194 3188 3251 mutua
3203 3225 3229 3263 ‚
3256 3192 3337 3251 ut
3376 3196 3445 3244 v.
3476 3196 3570 3265 gr.
3618 3165 3840 3241 sonum

944 3273 1139 3367 hujus
1173 3272 1352 3344 vocis
1377 3275 1537 3341 Deus
1558 3269 1893 3343 audientes
1918 3270 2176 3345 decente
2199 3267 2662 3365 perfectiffimo
2698 3272 3062 3364 cogitemus
3098 3326 3122 3361 ,
3162 3277 3227 3348 δι
3260 3266 3535 3350 viciffim
3570 3288 3716 3341 cum
3757 3260 3839 3333 de

944 3393 1095 3449 ente
1131 3363 1588 3466 perfecliffimo
1616 3369 1979 3464 cogitamus
2008 3420 2030 3454 ,
2067 3370 2334 3463 aliquod
2364 3371 2559 3465 hujus
2588 3369 2727 3444 soni
2760 3372 3140 3464 phantasma
3162 3373 3354 3448 nobis
3378 3376 3701 3446 oectlrrati
3718 3363 3839 3475 hof

1013 3494 1170 3557 men
1203 3467 1516 3565 posterius
1547 3488 1685 3542 non
1707 3489 1847 3542 tam
1871 3467 1963 3541 est
1986 3490 2192 3567 ³atque
2219 3472 2395 3564 prius
2433 3466 2869 3543 necessarium.
2972 3472 3183 3567 Cujus
3226 3475 3361 3558 rei,
3397 3488 3477 3543 ut
3520 3467 3683 3540 mihi
3709 3485 3840 3558 qm·

941 3493 1097 3641 ffem
1121 3568 1380 3642 videtur
1409 3617 1432 3653 ‚
1462 3568 1607 3640 haec
1630 3566 1816 3640 reddi
1841 3565 2053 3659 potest
2089 3569 2256 3665 ratio
2283 3619 2308 3656 ‚
2338 3567 2518 3663 quod
2544 3566 2760 3643 sensus
2789 3572 2856 3641 &
2886 3570 3271 3665 imaginatio
3317 3558 3482 3644 διὰ
3534 3563 3668 3640 fint
3687 3559 3840 3654 cogi-

949 3665 1265 3753 tationes,
1302 3690 1466 3760 quas
1498 3668 1775 3759 majores
1807 3668 1872 3738 &
1894 3667 2414 3740 vehementiores
2444 3687 2667 3739 motus
2696 3671 3092 3742 comitantur
3113 3719 3132 3751 ,
3153 3693 3357 3763 quam
3391 3667 3479 3740 illi
3513 3664 3843 3754 sunt,'qu¹

949 3763 1347 3837 comitantur
1399 3788 1589 3857 puras
1631 3766 2073 3857 perceptiones
2100 3793 2127 3847 ‚-
2177 3787 2377 3858 atque
2419 3765 2658 3838 idcirco
2700 3768 2956 3861 quoties
3012 3768 3316 3842 audimus
3341 3769 3513 3840 hanc
3571 3785 3798 3840 vocem
3816 3809 3840 3846 ,

947 3866 1111 3937 Deus
1143 3911 1173 3948 ‚
1209 3881 1472 3934 motum
1507 3861 1621 3952 qui
1660 3860 1810 3933 inde
1854 3862 1924 3932 in
1951 3860 2220 3934 cerebro
2264 3864 2477 3936 oritur
2502 3914 2526 3949 ‚
2556 3864 2716 3937 alter
2755 3888 3021 3959 quoque
3061 3888 3286 3942 motus
3326 3916 3351 3953 ,
3378 3889 3588 3959 quem
3621 3861 3846 3957 cogita-

948 3961 1046 4043 tio
1073 3957 1154 4032 de
1198 3979 1349 4031 ente
1374 3955 1834 4052 perfectiffimo
1880 3958 2267 4046 comitatur,
2303 3959 2644 4033 neceffario
2671 3959 2994 4057 sequiturz
3024 3965 3471 4040 vehementior
3513 3965 3691 4036 enim
3715 3981 3844 4031 mo·

949 4079 1058 4134 tus
1093 4050 1341 4129 facilius
1393 4054 1612 4128 secum
1660 4055 1857 4130 trahit
1887 4056 2228 4145 leviorem,
2269 4082 2468 4152 quam
2523 4060 2734 4133 levior
2806 4062 3384 4139 vehementiorem.
3493 4058 3646 4136 Nifi
3688 4056 3848 4132 forte

950 4158 1166 4232 dicere
1214 4154 1532 4241 velimus,
1585 4150 1706 4227 effe
1752 4177 2231 4249 nonnunquam
2274 4157 2343 4230 iti
2385 4154 2577 4231 nobis
2614 4183 2807 4254 puras
2854 4186 3080 4234 rerum
3140 4163 3595 4259 perceptiones
3621 4209 3648 4246 ‚
3699 4177 3849 4251 quas

948 4254 1115 4328 nulli
1183 4248 1430 4325 cerebri
1472 4271 1693 4324 motus
1737 4256 1856 4325 au't
1901 4254 2284 4347 praecedunt
2340 4277 2456 4330 aut
2500 4255 2855 4352 sequuntur
2888 4287 2912 4340 ς
2954 4260 3023 4333 id
3083 4263 3267 4356 quod
3297 4280 3526 4335 mmen
3580 4312 3605 4347 ,
3655 4277 3803 4332 cum
3823 4301 3847 4338 2

951 4367 1275 4449 quantum
1321 4372 1506 4425 mens
1548 4349 1768 4423 nostra
1805 4353 1844 4422 a
1891 4375 2170 4446 corpore
2197 4354 2594 4447 dependeat,
2642 4354 2980 4431 confidero
3019 4410 3044 4447 ‚
3087 4364 3153 4436 &
3202 4359 3550 4456 quomodo
3590 4350 3851 4431 morbus

951 4470 1090 4528 aut.
1112 4450 1238 4525 alia
1300 4449 1589 4545 corporis
1623 4447 1822 4524 nostri
1860 4454 2143 4526 mutatio
2187 4479 2322 4527 non
2369 4451 2581 4528 sensus
2634 4455 2838 4528 modo
2890 4457 2956 4529 &
3007 4461 3607 4555 imaginationem,
3649 4452 3754 4527 sed
3791 4473 3852 4521 e·

951 4554 1118 4626 tiam
1186 4575 1341 4646 quae
1377 4575 1565 4645 purae
1610 4550 2044 4649 perceptionis
2114 4548 2235 4629 effe
2295 4553 2603 4630 videntur
2620 4602 2647 4642 ‚
2691 4573 2918 4649 *mutet
2962 4586 2991 4644 ς
3044 4560 3209 4634 mihi
3262 4556 3568 4632 nondum
3611 4555 3849 4632 factum

951 4646 1046 4726 est
1092 4647 1458 4727 verifimile.
3768 4745 3853 4823 od

3653 4757 3767 4842 Q
