4188 5670
1458 300 2096 379 rufinam.
3077 315 3223 395 425

303 487 587 586 privatae
620 479 1012 562 institutioni
1070 481 1364 559 Parentis
1421 482 1553 555 mei
1609 478 1828 556 fllium
1867 479 2362 556 committer-etz
2408 478 2477 553 id
2525 475 2703 553 enim
2750 484 2785 555 ὲ
2834 485 3024 566 Patre
3065 483 3238 579 saepe

304 612 419 666 me
453 581 760 660 audivifl‘e
786 585 1055 660 memini
1087 611 1107 656 ε
1167 579 1291 657 effe
1316 581 1583 677 quidem
1612 605 1689 655 ca
1717 578 1850 676 ipsa
1880 607 1992 677 per
2022 579 2085 654 se
2125 578 2317 653 valde
2348 578 2570 652 utilia.-
2616 577 2679 653 se
2710 599 2930 658 tamen
2964 589 3239 678 magno-

306 708 465 781 pere
499 685 755 773 vereri',
806 709 893 758 ne
936 681 1054 756 ista
1095 683 1371 756 docendi
1406 681 1575 756 ratic
1600 682 1915 777 paulatim
1960 679 2300 755 studiosos
2340 675 2378 749 a
2414 678 2693 750 lectione
2723 679 3057 757 bonorum
3085 705 3235 754 auc-

308 805 543 859 torum
586 779 952 857 abstrahatt
1001 800 1148 855 tum
1205 805 1371 854 vero
1402 801 1515 853 eos
1550 779 1767 873 segnes
1792 780 2020 854 reddat
2044 832 2069 867 ‚
2128 801 2206 852 ut
2235 779 2372 870 jam
2406 777 2561 849 nihil
2598 774 2717 850 fibi
2747 782 2814 851 in
2846 779 3024 854 libris
3051 804 3236 872 quae-

310 882 592 955 rendum
635 900 911 974 putent,
956 881 1241 974 nihilque
1268 880 1546 953 omnino
1581 877 1963 954 discendum
1990 930 2013 965 ‚
2051 875 2171 950 nisi
2202 877 2385 972 quod
2426 874 2849 950 oscitantibus
2877 882 2948 974 ‚in
2998 876 3241 951 talibus

312 980 599 1073 collegiis
620 980 981 1054 inculcetur
1007 1030 1029 1065 ‚
1068 982 1171 1066 ἃ,
1205 980 1390 1053 velut
1412 978 1725 1052 lacticinia
1757 977 2113 1050 infantibus
2146 976 2354 1049 solent
2380 1027 2405 1064 ‚
2446 977 2512 1047 in
2556 1001 2630 1047 os
2663 978 3017 1066 ingeratur.
3060 974 3242 1049 Exis-

311 1076 599 1155 timabat
646 1078 959 1151 nimirum
1006 1078 1127 1149 Vir
1167 1073 1658 1172 Sagaciffimus‚
1712 1077 2022 1172 principia
2065 1076 2372 1169 quaedam
2429 1075 2672 1147 artium
2721 1080 2785 1149 &
2830 1077 3239 1150 scientiarum

315 1179 389 1257 in
438 1175 762 1268 ejusmodi
807 1176 1083 1271 collegiis
1110 1171 1648 1250 -commodiffime
1693 1177 1976 1261 hauriri,
2033 1173 2300 1247 solidam
2340 1197 2509 1245 vero
2557 1174 2991 1247 eruditionem
3045 1170 3243 1270 potis-

317 1273 560 1354 fimum
608 1276 959 1367 petendam
1007 1272 1128 1347 effe
1183 1299 1266 1346 ex
1314 1273 1533 1360 libris,
1568 1293 1647 1346 ut
1678 1289 1943 1347 aetatem
1992 1272 2242 1359 ferant,
2285 1268 2720 1352 elucubratis3
2770 1295 2845 1364 ut
2891 1278 2955 1345 in
2999 1270 3242 1367 quibus

319 1373 501 1458 docti
555 1372 701 1448 Viri
758 1375 981 1445 omnia
1032 1375 1390 1452 accuratius
1423 1375 1488 1445 ἆ
1523 1373 1920 1446 enucleatius
1957 1374 2260 1458 tradant,
2298 1396 2500 1465 quam
2529 1395 2683 1442 cum
2711 1373 2921 1446 nescio
2953 1374 3115 1466 quid
3133 1367 3250 1443 ses-

258 1536 275 1542 -
319 1474 609 1546 tinatum
639 1469 990 1566 tyronibus
1015 1491 1128 1545 aut
1155 1473 1223 1545 in
1247 1472 1595 1546 Auditor-io
1632 1472 2000 1566 praelegunt
2032 1523 2057 1562 ,
2120 1492 2237 1545 aut
2282 1471 2351 1544 in
2399 1471 2632 1549 Museo
2671 1465 3039 1546 effundunt.
3122 1487 3127 1496 ·
3165 1488 3198 1502 ··

383 1651 407 1706 '.
514 1620 594 1692 In
626 1621 754 1695 hoc
792 1647 953 1695 vero
1000 1621 1211 1697 studio
1257 1624 1669 1719 Theologico
1711 1651 1863 1700 curn
1904 1619 2151 1701 Noster
2180 1678 2203 1714 ‚
2253 1653 2377 1721 pro
2418 1624 2706 1705 summa,
2748 1649 2877 1718 qua
2907 1615 3244 1716 pollebat»

318 1719 565 1812 ingenii
600 1717 943 1808 felicitate,
979 1720 1254 1818 insignes
1286 1721 1473 1798 brevi
1505 1741 1803 1821 tempore
1832 1722 2067 1798 feciffet
2094 1725 2459 1823 profectus3
2494 1723 2791 1798 senilibus
2827 1720 3114 1795 Parentis
3143 1722 3244 1792 in·

320 1815 745 1892 firmitatibus
766 1868 793 1908 ,
842 1822 1046 1894 indies
1092 1821 1525 1897 crescentibus
1549 1876 1571 1913 ,
1628 1826 1693 1897 id
1738 1823 1955 1899 subito
1994 1822 2389 1917 abrumpere
2437 1824 2526 1897 est
2571 1827 2850 1896 coactus.
2926 1823 3024 1896 Ut
3071 1820 3251 1891 enim

319 1916 513 1989 Pater
571 1919 860 2012 optimus
910 1919 1519 2010 animadvertebat,
1566 1922 1992 1996 deserendum
2020 1921 2141 1995 fibi
2176 1920 2363 1996 brevi
2400 1921 2627 2018 fragile
2652 1925 2780 1995 hoc
2805 1920 3247 1994 domiciliumz

322 2016 492 2087 inter
528 2019 885 2112 praecipuas
938 2019 1081 2110 ejus
1122 2017 1251 2093 fuit
1301 2019 1741 2095 solicitudines
1764 2073 1787 2107 ,
1849 2041 1927 2094 ut
1969 2024 2033 2095 δι
2080 2018 2265 2110 filio,
2328 2024 2666 2095 avitorum
2742 2040 3252 2112 aternorurnque

321 2111 691 2186 studiorum
735 2117 977 2189 haeredi
1019 2163 1039 2189 2
1095 2119 1178 2190 tle
1244 2117 1511 2191 honesta
1558 2122 1629 2192 in
1672 2120 2019 2195 Academia
2085 2120 2404 2207 statione,
2485 2123 2548 2193 &
2605 2122 2719 2215 ip1
2776 2117 2964 2193 fimul
3014 2117 3258 2192 Acade-

325 2212 485 2283 miae
512 2211 593 2283 de
621 2211 821 2306 digno
844 2211 1194 2288 successore
1224 2217 1633 2312 prospiceret.
1718 2220 2126 2316 Cumigitur
2151 2217 2236 2292 ab
2270 2217 2555 2313 A'mpliff.
2599 2221 2839 2293 Senatu
2863 2217 3254 2294 Academico

323 2305 644 2403 petiiffet,
695 2331 771 2384 ut
812 2309 1010 2385 Filius
1048 2311 1210 2403 fibi,
1268 2321 1338 2387 in
1385 2315 1739 2391 Hebraicae
1771 2319 2050 2414 Linguae
2101 2315 2502 2392 Professione
2544 2315 2882 2405 vicarius,
2936 2313 3256 2407 simulque

322 2409 401 2479 in
437 2433 512 2480 ea
550 2407 697 2504 post
724 2409 989 2485 obitum
1032 2409 1223 2487 suum
1244 2414 1571 2488 ‘indubius
1618 2413 1944 2491 Succefl'or
1989 2419 2486 2490 decerneretur:
2534 2415 2891 2514 utrumque
2944 2418 3008 2489 &
3049 2413 3260 2510 poste-

330 2506 796 2618 rius-quidem,
842 2508 1284 2584 annuentibus
1338 2512 1754 2589 Graviffimis
1801 2514 1942 2604 ejus
1993 2516 2313 2609 temporis
2360 2519 2762 2591 Scholarchis
2786 2570 2808 2604 ‚
2855 2515 3030 2589 haud
3082 2539 3259 2610 aegre

337 2599 672 2675 obtinuit:
726 2614 882 2677 nonl
908 2607 1002 2678 ob
1057 2611 1295 2682 eximia
1327 2628 1591 2684 tantum
1634 2633 1792 2687 curn
1820 2611 1932 2683 sua
1992 2630 2141 2684 tum
2182 2618 2465 2707 p'arentis
2506 2619 2782 2702 merita,
2825 2613 2930 2687 sed
2965 2613 3070 2685 vel
3110 2614 3262 2686 ideo

338 2722 606 2791 quoque
628 2749 652 2786 ,
703 2704 883 2793 quod
922 2704 1058 2794 jam
1131 2730 1206 2777 ea
1248 2709 1312 2777 in
1354 2708 1602 2781 Nostro
1647 2709 2097 2785 Orientalium
2148 2711 2514 2784 Literarum
2564 2717 2792 2807 peritia
2830 2709 3270 2805 conspicieba-

334 2814 446 2867 tur
475 2846 499 2883 ‚
561 2820 637 2871 ut
660 2849 683 2885 ‚
740 2795 788 2870 si
825 2798 1197 2893 Majoribus
1240 2805 1397 2878 nihil
1449 2808 1679 2881 datum
1721 2803 1932 2881 fuifl'et
1954 2858 1977 2894 ‚
2011 2831 2213 2880 nemo
2247 2827 2469 2883 tamen
2513 2812 2581 2882 in
2629 2804 2857 2885 nostris
2894 2812 3023 2887 oris
3055 2807 3264 2890 fuifl'et

333 2917 669 2987 repertus,
703 2896 846 3068 cillli‚
895 2899 1266 2992 quamlibet
1282 2890 1678 2980 'adolescenti
1703 2957 1729 2995 ‚
1780 2908 2008 3009 bacin
2063 2907 2397 2981 literatura
2449 2911 2961 3006 comparandus,
3014 2915 3272 2989 nedum.

332 3014 704 3088 anteponen
749 3021 843 3069 us.
1846 3020 1853 3025 “

400 3239 409 3250 “
524 3147 879 3263 Postquam
929 3174 1085 3222 cum
1126 3149 1356 3269 insigni
1400 3152 1521 3230 isto
1573 3154 1802 3234 solatio
1850 3159 2138 3256 Magnus
2189 3162 2294 3236 ille
2343 3162 2600 3239 foetor
2641 3169 3020 3247 Buxtorfius
3060 3174 3272 3269 paullo

338 3245 482 3342 post
507 3247 544 3319 ὲ
573 3267 712 3320 vita
742 3240 1134 3331 exceffiffet3
1176 3252 1413 3343 Filius,
1451 3253 1490 3326 ὲ
1534 3254 2037 3350 profundiffimo
2083 3260 2306 3347 luftu,
2369 3266 2482 3354 qui
2523 3290 2658 3338 non
2717 3292 2869 3341 cum
2911 3274 3264 3345 Academia

340 3345 547 3431 modo
580 3344 831 3431 nostra,
881 3344 987 3419 sed
1018 3372 1169 3420 cum
1220 3351 1521 3426 universo
1566 3356 1826 3429 literato
1872 3354 2036 3428 orbe
2072 3353 2191 3449 ipfi
2230 3364 2598 3432 communis
2635 3384 2813 3452 erat,
2869 3369 3089 3463 aliquo
3118 3392 3265 3443 mo-
3319 3402 3334 3413 ·

338 3444 425 3516 do
455 3444 774 3533 emersus,
808 3444 890 3517 ad
913 3445 1116 3518 relicti
1145 3447 1181 3517 a
1216 3448 1405 3522 Patre
1431 3457 1715 3526 muneris
1739 3452 2362 3527 administrationem
2394 3482 2622 3532 omnes
2651 3465 3080 3555 cogitationes
3106 3493 3266 3541 con-

338 3543 574 3615 vertit:
625 3545 685 3616 S.
723 3544 1042 3637 Linguam
1074 3571 1210 3618 non
1256 3550 1463 3622 modo
1492 3550 1752 3645 publice
1789 3552 2242 3646 privatimque·
2270 3554 2611 3627 docendo:
2671 3556 2777 3633 sed
2804 3611 2827 3647 ‚
2870 3566 3048 3658 quod
3078 3556 3262 3648 aetati

341 3639 477 3714 suae
506 3637 1195 3716 convenientiffimum’
1225 3644 1672 3723 arbitrabatur
1694 3702 1718 3737 ‚
1779 3652 1966 3743 plura
2009 3651 2215 3723 indies
2260 3651 2603 3740 discendo,
2652 3677 2797 3730 tum
2825 3685 2909 3732 ex
2935 3652 3264 3743 Hebraeo-

342 3764 492 3813 rum
548 3738 729 3814 libris
756 3792 778 3825 ,
839 3763 1123 3832 quorum
1174 3745 1481 3818 eximiam
1543 3747 1997 3842 supellectilem
2047 3749 2083 3818 a
2105 3748 2477 3841 Majoribus
2521 3754 2855 3831 collectam
2883 3787 3258 3860 acceperat:

344 3863 489 3914 tum
518 3866 603 3914 ex
630 3838 974 3932 colloquiis
998 3863 1148 3911 cum
1172 3844 1324 3913 viris
1363 3845 1594 3919 harum
1647 3848 1976 3920 literarum
2028 3848 2247 3942 peritis
2294 3876 2312 3918 z
2381 3875 2580 3944 quem
2608 3856 2671 3926 in
2703 3852 2906 3931 finem
2933 3863 3267 3960 Tigurum

342 3964 610 4033 quoque
645 3967 727 4013 eo
771 3960 1069 4051 tempore
1119 3941 1405 4014 excurrit
1434 3993 1458 4029 ,
1494 3966 1571 4018 ut
1594 3944 1824 4040 Magni
1848 3947 2015 4027 illius
2038 3947 2371 4021 Helvetiae
2419 3949 2817 4029 Mithridatis
2834 3959 2970 4051 Joh.
3004 3971 3263 4043 Hem-ici

343 4046 696 4136 Hortingeri
723 4031 988 4119 confilrc
1006 4092 1030 4129 ,
1094 4040 1164 4109 in
1203 4041 1670 4153 communibus
1693 4044 1912 4118 studiis
1949 4042 2297 4121 tractandis
2319 4097 2346 4135 ‚
2395 4065 2708 4126 uteretur.

540 4187 1078 4284 Frequentiffime
1109 4188 1242 4263 fere
1269 4208 1429 4287 tunc
1453 4192 1603 4266 usus
1626 4196 1716 4269 est
1771 4222 1976 4292 opera
2030 4199 2368 4291 cujusdam
2405 4204 2471 4276 in
2534 4207 2767 4280 vicinia
2815 4211 3104 4306 degentis
3154 4215 3260 4307 Iu·-

346 4289 474 4364 daei
498 4343 522 4378 ,
568 4291 680 4385 qui
707 4289 900 4377 Rabbi
917 4288 1236 4366 Abraham
1262 4292 1297 4360 a
1326 4290 1452 4362 suis
1491 4292 1874 4369 vocabatur.
1962 4298 2138 4385 Hic,
2197 4324 2323 4394 qua
2351 4301 2756 4395 potiffimum
2792 4311 3048 4384 ratione
3089 4290 3260 4386 Noss

347 4411 453 4488 tro
487 4388 863 4462 conciliatus
884 4385 1119 4475 fuerit,
1159 4413 1293 4460 non
1322 4391 1756 4489 injucundum
1787 4395 1914 4468 aud
1942 4415 2017 4467 tu
2046 4399 2186 4470 erit.
2266 4400 2506 4475 Fuerat
2527 4405 2578 4474 is
2598 4404 2736 4494 jam
2764 4406 2798 4472 a
2827 4410 3049 4479 multis
3077 4410 3262 4480 annis

349 4487 604 4560 Parenti
642 4487 781 4579 ejus
810 4535 833 4573 ‚
891 4488 1140 4560 Dotion·
1189 4494 1540 4587 Buxtorfio‚
1598 4491 1965 4582 familiaris,
2009 4494 2229 4570 solitus
2273 4501 2476 4595 vulgo
2525 4501 2952 4571 recutitorum
2990 4506 3265 4596 integen-

351 4586 550 4659 rimus
577 4582 663 4659 ab
694 4610 775 4658 eo
806 4585 1131 4681 appe'lari.
1218 4585 1414 4669 Forte,
1449 4597 1669 4668 evenit
1701 4596 1925 4690 paucis
1953 4613 2104 4669 ante
2133 4602 2436 4694 Buxtovfii
2473 4594 2736 4670 obitum
2785 4599 3012 4684 annis,
3059 4620 3136 4669 ut
3160 4601 3265 4669 hic

2073 4695 2146 4766 H
2179 4697 2224 4767 h
2249 4699 2295 4769 h
2374 4715 2411 4783 3
3148 4693 3267 4783 ju.
