4188 5670
1306 223 2543 302 aflinnnxnutlcae.
3135 241 3300 319 '357
3435 241 3452 252 ’

385 396 509 482 infin
541 393 965 491 supe-indm
1012 394 1300 495 denique-
1321 400 1766 476 coacervanda
1811 400 2035 474 omnin
2079 392 2282 487 suntj
2323 410 2738 497 quaecunque
2780 399 2861 475 de
2900 403 3141 478 horum
3184 403 3299 475 ho-

366 497 629 580 miuum
675 514 932 590 tmpore
952 546 983 584 ‚.
1035 498 1156 574 loco
1211 501 1276 574 &
1302 497 1496 590 statu,
1538 523 1617 572 co
1710 499 1925 574 oscere
1958 491 2320 593 poffumus.
2427 498 2532 570 Ex
2592 501 2667 571 iis
2708 500 3009 595 colligere
3050 502 3289 594 poteri-

344 618 571 682 mus,
618 619 795 678 num
843 596 971 678 hoc
1017 595 1271 676 illudve
1317 648 1343 686 ‚
1382 598 1576 691 quod·
1616 524 1721 672 ἐξ)
1894 597 2302 690 Scriptorum
2351 592 2472 667 effe
2520 596 2754 670 dicitur
2781 648 2806 685 ,
2868 594 3290 674 neccffiirium

370 689 609 781 fixerit,
651 713 771 768 aut
821 693 1010 776 valde
1052 695 1259 785 utile,
1318 695 1419 768 his
1460 624 1849 769 hominibffs
1889 747 1913 783 ,
1965 696 2062 766 his
2111 689 2405 767 Ecclefiis
2429 743 2456 781 ‚
2505 695 2574 764 in
2624 696 2753 767 hoc
2788 721 3010 770 rerum
3054 693 3228 768 statu
3254 747 3278 783 ,

367 792 506 888 boc
558 811 896 885 tempore,
938 793 1067 866 hoc
1112 794 1299 880 loco,
1352 790 1626 867 scribere
1662 797 1728 868 &
1760 796 2100 868 inculcare.
2201 792 2409 880 Qod
2459 792 2638 866 enim
2686 793 2778 866 illi
2830 813 2980 868 tum
3024 812 3278 886 tempo-

369 889 463 962 ris
512 885 785 962 scribere
831 935 852 969 ,
907 911 1025 962 aut
1071 893 1255 966 nullo
1310 892 1516 966 modo
1563 890 1985 968 neceffiirium
2052 909 2195 964 erat
2235 940 2261 978 ‚
2318 909 2436 963 aut
2482 914 2715 981 parum
2759 893 2921 967 utile
2977 921 3004 975 ‚-
3045 889 3112 963 id
3161 915 3282 984 pro
3305 897 3322 901 ”

370 984 581 1081 scopo
620 988 907 1082 genuino
956 989 1298 1085 Scriptoris
1338 1014 1478 1063 non
1514 988 1606 1063 est
1657 989 2116 1080 reputandum.

538 1084 753 1172 Sed,
781 1086 913 1173 ais,
962 1082 1014 1157 si
1049 1087 1178 1164 hoc
1219 1088 1296 1163 iis
1341 1113 1477 1160 non
1522 1086 1935 1164 neoeffiirium
1963 1087 2093 1160 fuit
2152 1088 2218 1159 &
2247 1086 2457 1174 utile,
2502 1086 2694 1161 nobis
2713 1089 2874 1161 utile
2919 1085 3032 1174 est3
3078 1086 3282 1180 Scrip-

258 1247 262 1252 ,
373 1201 532 1257 tura
588 1183 764 1255 enim
813 1184 875 1258 S.
930 1210 1070 1278 non
1108 1186 1176 1257 in
1219 1210 1452 1260 eorum
1497 1205 1779 1272 tantum.
1820 1238 1845 1275 ‚
1909 1185 2016 1259 sed
2094 1187 2165 1258 in
2214 1183 2416 1257 nostri
2473 1188 2670 1259 etiam
2705 1189 3005 1283 .gratiam
3052 1183 3280 1277 scripta

374 1280 521 1360 est..
569 1278 765 1376 Resp2
843 1281 1010 1360 Non
1044 1307 1357 1380 negamus
1394 1281 1594 1356 libros
1622 1286 1851 1358 Sacros
1902 1284 2145 1378 Spiritu
2195 1283 2259 1354 S.
2329 1283 2506 1356 viros
2561 1292 2940 1363 θεοπεόςυς
2995 1298 3280 1376 regente,

377 1377 822 1472 scriptoreffe
845 1429 870 1466 ‚
909 1401 1005 1480 ut
1028 1379 1221 1453 nobis
1270 1382 1354 1454 ad
1400 1380 1675 1457 salutem
1721 1379 1970 1478 prosint
2002 1409 2025 1462 3
2073 1380 2334 1454 direiius
2376 1400 2596 1456 tamen
2638 1382 2704 1452 &
2743 1380 3133 1453 immediatus
3156 1379 3287 1452 sco-

376 1481 507 1573 pus
556 1477 959 1571 Scriptorum
1012 1480 1359 1553 Sacrorum
1388 1530 1415 1570 ,
1445 1479 1758 1576 (excipio
1802 1475 2006 1554 libros
2045 1476 2397 1571 propheticos
2429 1475 2464 1570 >
2507 1476 2636 1576 fuit
2685 1474 3167 1552 neceffitatibus
3214 1472 3290 1549 fi-

304 1580 312 1586 '
354 1576 632 1649 ‘delium
675 1577 1040 1673 prospicere
1061 1627 1084 1664 ‚
1137 1577 1251 1671 qui
1299 1600 1444 1652 tum
1502 1581 1814 1674 temporis
1852 1575 2175 1653 vivebant
2202 1626 2225 1662 ,
2272 1594 2390 1650 aut
2444 1577 2523 1650 ad
2556 1598 2720 1670 quos
2762 1574 2968 1649 libros
3016 1576 3164 1648 suos
3198 1574 3292 1647 di-

379 1670 737 1768 rigebant,
780 1673 896 1748 au't
958 1672 1196 1771 quibus
1234 1677 1378 1750 illos
1432 1676 1719 1771 primum
1768 1675 2080 1751 miserunt
2104 1726 2128 1761 ,
2185 1675 2347 1748 &in
2391 1698 2645 1789 manus·
2671 1674 3093 1793 tradiderunt.
3180 1672 3281 1784 ⁸E.

356 1773 2270 1969 stffifflmtwhsboews
2287 1772 2726 1952 ww
2740 1771 3291 1956 ssu

360 1973 585 2063 ‘gente
626 1993 779 2041 eum
828 1971 1074 2066 Spiritu
1147 1973 1214 2046 S·
1254 1990 1334 2044 ut
1377 1972 1825 2048 instructiones
1878 1974 1985 2045 hae
2033 1996 2170 2044 non
2220 1969 2335 2041 soli
2381 1969 2683 2042 Timotheo
2705 2017 2728 2053 ‚
2790 1966 2897 2041 sed
2960 1969 3095 2041 aliis
3137 1990 3302 2060 quo-

390 2090 523 2160 que
560 2065 870 2139 Ministris
914 2068 1045 2162 Dei
1081 2067 1226 2163 post
1266 2071 1559 2143 venturis
1594 2067 1973 2165 prodessent.
2050 2070 2183 2156 ,Ita
2234 2092 2499 2162 quoque
2558 2091 2709 2139 cum
2752 2068 2984 2138 Paulus
3019 2068 3087 2137 in
3134 2067 3303 2138 Αὲἶίε

314 2243 327 2254 ,
358 2164 800 2257 ‘Apostolorum
841 2166 1136 2260 loquitur
1180 2167 1637 2257 Atheniensibus
1657 2220 1681 2256 ‚
1734 2166 1866 2242 fine
1902 2165 2109 2241 dubio
2154 2192 2234 2240 ex
2266 2166 2492 2260 divino
2549 2163 2850 2236 instinCtu
2879 2191 2901 2245 3
2938 2162 3167 2258 scopus
3207 2161 3302 2234 cli-

368 2266 608 2336 renus
658 2263 799 2354 ejus·
830 2262 923 2340 cst
969 2308 998 2353 ,
1059 2263 1442 2358 Atheniensis
1500 2267 1583 2339 ad
1641 2291 1870 2342 verum
1943 2267 2175 2338 Deum
2229 2287 2610 2338 convertere
2650 2290 2672 2342 3
2733 2286 3118 2357 quanquam
3166 2261 3307 2353 ejus

396 2362 612 2434 oratio
660 2363 965 2435 omnium
1012 2363 1532 2438 Christianorum
1561 2364 1962 2438 instructioni
1991 2363 2297 2438 inserviat
2322 2363 2432 2450 A&
2452 2366 2522 2435 iu
2560 2363 2735 2433 hunc
2761 2384 3026 2455 quoque
3052 2354 3252 2430 finem
3272 2407 3296 2443 ,

374 2478 538 2532 'non
577 2455 711 2530 fine
736 2461 1011 2555 Spiritus
1038 2463 1102 2535 S.
1135 2462 1441 2535 instinctu
1467 2511 1491 2550 ,
1524 2464 1563 2534 ὲ
1609 2470 1779 2537 Luca
1827 2465 1895 2533 in
1944 2462 2252 2556 scriptum
2306 2459 2398 2533 est
2439 2463 2660 2534 relata.
2695 2472 2701 2477 '
2733 2458 2885 2552 Jam
2912 2482 3073 2532 vero
3099 2480 3303 2547 quan-

398 2557 492 2627 do
533 2556 803 2626 dicimus
835 2605 858 2641 ,
919 2556 1178 2630 bonum
1221 2561 1646 2652 interpretem
1679 2561 2242 2654 interpretationes
2293 2556 2432 2630 suas
2496 2558 2581 2632 ad
2641 2554 2908 2649 scopum
2973 2551 3302 2626 scribentis

406 2652 680 2745 dirigere
735 2656 801 2726 &
845 2657 1341 2729 accommodare
1407 2655 1642 2729 debere
1692 2708 1715 2743 ‚
1773 2655 2193 2750 intelligimus
2239 2652 2506 2750 scopum
2544 2656 2839 2728 direffum
2884 2655 2956 2726 ’δι
2991 2650 3302 2725 ὶηιηιεᾶἰα·

374 2767 549 2849 „tum
570 2777 597 2832 ‚·
633 2750 713 2822 ad
769 2773 972 2846 quem
1022 2750 1540 2846 cognoscendum
1583 2751 1856 2846 quilibet
1898 2754 2078 2825 videt
2098 2802 2123 2840 ,
2178 2753 2482 2828 notitiam
2540 2775 2771 2823 eorum
2814 2802 2840 2838 ,
2896 2754 2938 2820 ἀ
2979 2749 3203 2849 quibus
3240 2748 3305 2821 δε

376 2846 496 2921 ,ad
524 2867 673 2946 quos
709 2845 855 2919 libri
903 2850 1194 2941 primum
1256 2852 1469 2945 scripti
1510 2849 1661 2923 sunt
1693 2901 1718 2937 ‚
1775 2849 1894 2923 efle
1937 2848 2340 2923 neceffariam
2367 2879 2394 2935 ,-
2438 2854 2502 2924 &
2544 2874 2680 2942 quo
2722 2851 2864 2943 plus
2900 2870 3015 2922 aut
3084 2851 3297 2919 minus

310 2984 318 2989 .
384 2945 595 3116 ,(1εὲ
637 2942 1083 3041 cognoscimus
1120 2995 1147 3036 ,
1204 2974 1291 3021 eo
1345 2952 1551 3044 magis
1592 2948 1994 3042 autminus
2036 2972 2158 3021 nos
2223 2946 2500 3044 scopum
2575 2946 2904 3029 scribentis
2967 2944 3305 3043 agnoscere
3421 3040 3430 3053 .

399 3067 495 3137 po
598 3140 1053 3217 Veruntamen
1096 3167 1232 3217 non
1273 3163 1531 3219 tantum
1582 3168 1667 3217 ex
1713 3142 1952 3219 talibus
1999 3144 2259 3219 aliunde
2293 3144 2510 3240 petitis
2558 3145 2786 3247 scopus
2831 3142 2980 3217 libri
3041 3142 3311 3241 alicujus

404 3239 819 3333 cognoscitur
846 3269 874 3325 ,ς
927 3241 1116 3335 Saepe
1160 3267 1294 3317 non
1346 3244 1506 3317 levis
1556 3241 1750 3336 hujus
1812 3244 2101 3338 cognitio
2121 3244 2259 3339 peti
2297 3242 2509 3335 potest
2559 3267 2640 3317 ex
2687 3242 2803 3334 ἱρῇ)
2850 3242 3027 3315 libro·
3148 3240 3316 3325 Sunt

407 3339 590 3408 enim
629 3340 697 3409 in
738 3335 918 3411 libris
953 3338 1164 3413 multa
1208 3366 1324 3435 per
1364 3339 1427 3415 se
1475 3342 1643 3413 clara
1697 3343 1762 3413 δι
1800 3343 1980 3424 nulla
2021 3342 2555 3431 interpretatione
2595 3339 2994 3433 indigentia3
3051 3359 3133 3408 ex
3173 3336 3315 3427 qui·-

405 3430 540 3507 bus
596 3436 838 3508 collatis
881 3441 949 3510 &
993 3434 1202 3534 probe
1241 3436 1655 3534 consideratis
1690 3437 1954 3533 perspici
2005 3437 2216 3532 potest
2238 3487 2263 3522 ,
2312 3461 2449 3529 quo
2486 3454 2666 3507 totus
2715 3432 2877 3506 liber
2920 3433 3142 3507 tendat
3167 3483 3190 3520 ‚
3248 3434 3313 3505 &

404 3535 564 3628 quis
612 3535 981 3628 praecipuus
1033 3538 1316 3610 auctoris
1356 3538 1427 3609 in
1454 3538 1567 3611 illo
1587 3536 1814 3631 scopus
1845 3534 2061 3608 fuerit.
2142 3535 2338 3609 Tunc
2351 3532 2824 3626 praeposterum
2847 3531 3020 3605 foret
3044 3529 3311 3626 scopum

344 3635 351 3638 ⁴
410 3633 747 3721 auctoris,
813 3653 1011 3725 quem
1052 3636 1183 3729 ipse
1230 3637 1300 3708 in
1345 3633 1463 3708 suo
1514 3633 1684 3708 libro
1742 3633 1886 3706 satis
1930 3632 2291 3718 monstrat,
2340 3633 2598 3705 aliunde
2634 3632 2871 3705 discere
2903 3630 3086 3702 velle.
3160 3630 3306 3703 Me-

412 3731 744 3806 tuendum·
782 3733 1000 3826 potius
1044 3731 1191 3831 effet
1216 3783 1241 3820 ,
1293 3758 1376 3806 ne
1431 3757 1516 3806 ex
1575 3732 1787 3827 scopo
1836 3727 2094 3805 aliunde
2150 3730 2317 3803 male
2387 3725 2665 3823 quaefito
2732 3733 2924 3807 etiam
2975 3724 3314 3819 clarissima

413 3851 935 3925 per-verteremus
959 3881 984 3918 ,
1039 3834 1104 3905 &
1150 3832 1219 3902 iu
1267 3831 1549 3904 alienum
1606 3829 1860 3905 sensum
1908 3829 2451 3925 detorqueremus
2472 3857 2500 3912 ,-
2539 3828 2788 3921 semper
2818 3829 2991 3903 enim
3026 3828 3313 3922 cognitio

419 3927 811 4003 obscurioris
873 3954 957 4001 ex
1002 3928 1304 4012 clariori3
1353 3952 1695 4022 nunquam
1748 3930 2029 4003 clarioris
2076 3953 2160 4001 ex
2180 3983 2200 3997 .
2220 3924 2581 4001 obscuriori
2641 3925 2735 3999 est
2778 3926 3074 4020 petenda.
3129 3988 3135 3995 .
3183 3924 3311 4017 Sed

419 4028 603 4121 quod
643 4026 746 4099 hic
792 4026 1110 4113 dicimus,
1159 4044 1307 4099 tum
1360 4025 1572 4098 solum
1624 4028 1845 4100 locum
1887 4026 2088 4101 habet
2120 4056 2146 4111 ς
2197 4025 2461 4121 quando
2508 4025 2658 4098 talia
2704 4050 2817 4121 per
2870 4024 2933 4097 se
2970 4025 3138 4097 clara
3164 4073 3188 4111 ,
3249 4024 3316 4093 ἃ,

423 4127 602 4200 nulla
646 4125 1174 4217 interpretatione
1211 4125 1563 4219 indigentia
1622 4126 1691 4196 in
1731 4121 1899 4198 libro
1943 4126 2164 4219 aliquo
2204 4124 2636 4217 reperiuntur.
2735 4123 2842 4195 De
2896 4122 3030 4194 aliis
3064 4170 3087 4207 ‚
3139 4137 3319 4214 ’quae

424 4222 651 4300 dubiae
699 4220 846 4295 sunt
877 4219 1363 4319 fignificationss
1408 4242 1525 4295 aut
1573 4221 2009 4296 controversae
2035 4275 2057 4309 ,
2089 4221 2350 4319 praestat
2371 4273 2396 4310 ‚
2427 4244 2578 4295 ante
2615 4222 2978 4388 cognitum
3023 4216 3320 4311 scopum,

428 4345 629 4416 quem
666 4314 931 4414 scriptor
985 4326 1054 4398 in
1098 4319 1268 4395 libro
1320 4318 1554 4394 habuit
1579 4373 1600 4408 ‚
1633 4318 1791 4415 ¹¹3¹}ss
1837 4321 2127 4401 decidere
2150 4370 2175 4408 ,
2220 4323 2284 4393 &
2329 4320 2646 4413 judicium
2729 4317 3126 4415 uspendere3
3163 4314 3325 4386 sem-

429 4444 546 4515 per
596 4418 772 4492 enim
807 4416 998 4491 satius
1045 4420 1136 4492 est
1169 4422 1236 4492 in
1271 4418 1466 4492 rebus
1494 4421 1575 4509 ad
1616 4418 1886 4492 salutem
1929 4419 2122 4494 nobis
2166 4443 2304 4492 non
2375 4413 2730 4492 neceffariis
2750 4464 2774 4499 ,
2850 4408 3091 4504 aliquid
3134 4412 3200 4502 ig
3248 4431 3327 4476 o-

430 4544 575 4600 rare
614 4567 638 4606 ‚
682 4542 882 4610 quarn
916 4543 1147 4592 errare.
1318 4534 1325 4549 ⁸
2503 4537 2510 4543 ·
3213 4548 3220 4557 ·

633 4620 727 4688 W
719 4614 1003 4713 erenftffli
1047 4619 1342 4711 Opuficula
1414 4616 1610 4689 Tom.
1657 4616 1745 4689 ΙΙ.
2223 4572 2240 4579 -
2335 4559 2406 4685 ‘Z
2429 4636 2465 4683 z
3103 4596 3344 4733 »Futuri
