4188 5670
917 248 1067 367 206‘
1447 282 2024 384 Jun1clum
2129 296 2255 366 nt
2340 270 2746 366 Ancum
2824 292 3341 379 CAR-rasit

926 482 1092 539 vum
1130 461 1196 538 id
1250 467 1399 543 efflet
1461 484 1926 569 argumentum
1953 521 1978 560 ‚
2073 463 2211 593 uod
2269 496 2408 545 non
2460 470 2738 566 amplius
2797 470 3112 546 niteretur
3167 472 3293 543 hoc
3350 458 3787 549 fundamento
3822 524 3853 563 ‚

930 563 1357 653 qffi'rmandum
1402 563 1511 660 effi
1559 571 1633 642 de
1675 576 1805 644 D'eo
1841 622 1863 656 ,
1900 597 2019 671 quo
2120 596 2186 641 m
2235 570 2363 658 ejus
2415 568 2559 642 Idea
2600 587 2736 642 cont
2744 574 2950 641 inetur
2982 621 3004 667 ‚
3087 568 3194 641 sed
3246 570 3379 641 hoe
3424 597 3445 637 .-
3490 575 3868 665 τερα-[ξηια-

931 669 1152 734 tionem
1187 671 1506 752 existentia
1543 674 1609 740 in
1654 688 1851 741 mente
1870 718 1894 755 ‚
1924 667 2158 762 semper
2194 663 2416 762 inferre
2438 666 2778 759 positionem
2819 667 3081 757 ejusdem
3116 682 3294 739 ex‘tra
3340 689 3643 761 mentmnj
3676 664 3867 764 quod

932 756 1163 834 falsum
1195 762 1313 837 effe
1344 816 1368 853 ,
1417 765 1749 840 manifeste
1798 767 2097 840 videm‘us
2151 778 2235 840 ex
2288 765 2484 839 allato
2529 765 2832 860 exemplo
2874 766 3161 861 corporis
3195 764 3659 859 persedtissimi.

1127 914 1367 1011 Neque
1410 916 1502 990 est
1522 969 1556 1006 ,
1583 917 1763 1014 quod
1818 911 1922 991 hic
1991 920 2459 1014 distinguamus
2521 919 2692 991 inter
2750 917 3197 993 Existentiam‘
3218 918 3601 1014 necffriam
3627 925 3696 995 δε
3741 950 3874 999 con-

939 1008 1308 1104 tingentem:
1359 1014 1404 1087 si
1455 1021 1631 1089 enim
1677 1019 1714 1086 a
1762 1017 2268 1108 repraesi‘ntatione
2307 1019 2649 1110 Existentiae
2706 1026 3094 1114 contingentis
3153 1020 3220 1090 in
3272 1028 3496 1092 m'cnte
3561 1048 3703 1095 non
3760 1046 3871 1095 va-

947 1106 1040 1178 let
1095 1111 1549 1208 consequentia
1596 1115 1679 1187 ad
1721 1115 2062 1206 positionem
2117 1122 2505 1211 contingentis
2567 1113 2905 1206 Existentiae
2949 1138 3133 1188 extra
3182 1130 3473 1211 mentem
3496 1147 3523 1203 ‚-
3581 1146 3726 1192 non
3781 1104 3878 1192 vi·

948 1204 1074 1276 deo
1099 1259 1124 1295 ‚
1155 1210 1496 1303 quomodo
1516 1217 1551 1282 a
1599 1212 2110 1304 repraesentatione
2144 1215 2465 1304 existentia
2499 1213 2828 1307 neceffar'iae
2867 1214 2935 1285 in·
2958 1224 3179 1286 m'ente
3219 1219 3439 1289 valeat
3480 1218 3871 1313 consequeri-

949 1302 1043 1374 tia
1088 1307 1173 1378 ad
1224 1311 1415 1402 hujus
1452 1309 1790 1403 positionem
1831 1330 2019 1388 extra
2065 1326 2359 1384 mentem
2374 1340 2396 1390 3
2441 1307 2560 1384 nifi
2599 1309 2772 1385 fott‘e
2821 1304 2979 1384 Idea
3019 1318 3192 1385 Entis
3228 1313 3534 1410 necffrii
3576 1317 3724 1390 talis
3754 1313 3873 1402 fit5

955 1421 1038 1472 ut
1077 1405 1146 1476 in
1196 1430 1418 1481 mente
1465 1406 1584 1480 effe
1618 1418 1774 1481 non·
1803 1405 2045 1502 pellit,
2086 1406 2207 1481 nisi
2255 1408 2730 1502 producatur-'a
2762 1408 2949 1483 musa
3006 1411 3223 1503 aliqua
3245 1462 3275 1500 ,
3324 1438 3479 1507 quae
3527 1434 3762 1490 revera
3790 1415 3872 1490 est

964 1502 1086 1574 'Em
1128 1503 1534 1598 necffzrium‚
1591 1510 1633 1578 i.
1688 1533 1744 1578 e.
1788 1526 1864 1579 ut
1908 1508 2198 1601 loquitur
2251 1505 2576 1579 Cartesius
2604 1556 2629 1594 ,
2667 1534 2821 1601 quae
2855 1510 3148 1581 continet
3173 1512 3529 1605 formaliter
3555 1539 3759 1587 omne
3783 1516 3881 1601 id,

970 1602 1150 1688 quod
1183 1602 1335 1674 Idea
1391 1606 1682 1677 continet
1731 1604 2036 1690 objeezive.
2151 1605 2275 1679 Sed
2326 1606 2420 1678 ita
2454 1607 2966 1680 renuntiandum
3018 1605 3168 1680 effet
3201 1612 3459 1700 penitus
3487 1626 3875 1707 argumento

970 1697 1241 1770 Cartesii
1264 1751 1289 1787 ,
1332 1727 1465 1794 quo
1512 1703 1937 1777 Existentiam
1982 1704 2112 1776 Dei
2158 1700 2438 1797 probare
2487 1706 2702 1778 voluit
2733 1709 2775 1776 ἃ
2807 1709 3047 1798 prior-53
3093 1708 3160 1779 Sc
3195 1709 3384 1780 unice
3424 1710 3873 1785 inhaerendum

970 1810 1367 1887 argumento
1417 1804 1458 1871 ἁ
1485 1807 1779 1895 posteriori
1798 1854 1822 1889 ‚
1870 1825 2006 1896 quo
2051 1799 2143 1892 ab
2196 1800 2547 1874 Existentia
2581 1804 2772 1894 effe&
2815 1802 3110 1898 [nempe
3151 1806 3307 1880 Ideae
3337 1814 3463 1880 Dei
3491 1834 3650 1902 quae
3702 1809 3788 1883 est
3809 1811 3873 1882 in

970 1883 1214 2060 gobis]
1273 1896 1515 1992 probat
1564 1899 1968 1974 existentram
2003 1898 2217 1996 cauffae
2251 1951 2276 1990 ,
2323 1923 2558 1996 nempe
2600 1908 2777 1992 Dei,
2820 1903 2935 1998 qui
2977 1903 3146 1977 hanc
3197 1902 3390 1981 nobis
3432 1907 3665 1982 Idem
3724 1907 3875 1982 inda-

979 2096 998 2117 ’
1022 2009 1164 2064 ent·
1198 2081 1510 2169 Sufficere
1545 2090 1694 2173 haec
1725 2072 1978 2195 pollent
2000 2150 2024 2188 ,
2060 2089 2144 2173 ad
2203 2082 2771 2175 demonstrandam
2817 2086 3236 2198 infimitatem
3285 2092 3704 2200 argumenti,
3748 2132 3867 2201 quo

976 2198 1181 2273 utitur
1228 2195 1553 2272 Cartefius
1578 2252 1601 2286 ,
1650 2201 1733 2273 ad
1780 2198 2191 2294 probandam
2247 2199 2652 2273 existentiam
2702 2201 2852 2272 Dei.
2954 2203 3127 2274 Cum
3175 2223 3399 2279 autem
3438 2203 3562 2276 Vir
3603 2204 3873 2278 summus

974 2298 1208 2395 aliique
1264 2296 1629 2390 Philosophi
1678 2297 2056 2392 praestantes
2106 2298 2258 2370 huic
2302 2318 2693 2390 argumento
2750 2300 3039 2384 multum
3100 2298 3404 2376 tribuant
3427 2353 3451 2389 ‚
3500 2306 3721 2396 paucis
3765 2303 3876 2376 dis-

849 2470 856 2475 .
977 2402 1225 2477 cutiam
1283 2395 1589 2492 quaedam
1619 2450 1643 2485 ,
1701 2420 1855 2489 quae
1884 2396 1945 2491 ,ὲ
2003 2389 2295 2469 Cartefio
2346 2394 2762 2487 adducuntur
2830 2396 2914 2469 ad
2962 2397 3122 2472 illud
3171 2395 3645 2476 roborandum.

1171 2540 1438 2624 Fatetur
1457 2600 1484 2636 ‚
1535 2542 1663 2622 hoc
1710 2564 2175 2642 argumentum
2219 2537 2347 2617 tale
2393 2537 2513 2618 effe
2543 2597 2567 2634 ‚
2619 2563 2697 2617 u‘t
2748 2545 3005 2644 quidam
3047 2537 3217 2622 illud
3241 2573 3348 2643 pro
3384 2534 3740 2719 fiffffle
3756 2545 3878 2645 sim

978 2643 1271 2726 habituri.
1351 2642 1475 2724 Sed
1509 2650 1778 2742 quinam
1828 2644 1919 2718 illi
1967 2644 2121 2719 sunt
2161 2642 2407 2734 judicio
2452 2641 2727 2719 *Cartefii
2778 2638 2812 2715 ἲ
2856 2633 3013 2718 tales
3042 2694 3063 2724 ‚
3116 2669 3193 2720 ut
3232 2674 3372 2723 non
3418 2676 3458 2720 0
3531 2674 3679 2720 cure
3734 2644 3879 2719 ins-

976 2770 1142 2822 nuat
1171 2800 1196 2835 ‚
1263 2742 1377 2841 qui
1425 2773 1564 2819 non
1609 2743 1923 2843 diligenter
1948 2741 2279 2817 attendunt
2302 2792 2328 2829 ‚
2359 2766 2516 2813 nam
2561 2744 2713 2816 alias
2744 2752 2943 2816 omnia
2995 2736 3070 2816 iis
3120 2743 3317 2846 efflent
3365 2737 3717 2842 manifesta3
3769 2755 3877 2842 qui

981 2849 1066 2938 de·
1111 2845 1306 2917 rebus
1351 2843 1646 2939 judicant
1684 2871 1764 2917 ex
1795 2845 1989 2937 specie
2009 2895 2033 2932 ,
2090 2867 2290 2938 quam
2333 2849 2530 2934 prima
2538 2844 2749 2938 fronte
2772 2839 3091 2937 rqf‘erum3
3128 2849 3252 2940 ⁸qui
3272 2872 3388 2917 non
3426 2849 3692 2918 omnium
3713 2898 3735 2932 ‚
3756 2871 3879 2945 qua

983 2938 1071 3018 ad
1126 2952 1466 3036 argumenti
1510 2944 1694 3031 hujus
1718 2942 2126 3034 probationem
2155 2937 2434 3033 faciunt,
2460 2943 2900 3020 recor-dantum
2950 2937 3063 3035 qui
3113 2941 3390 3038 denique
3436 2944 3593 3016 illud
3648 2971 3759 3017 non
3782 2970 3878 3017 ca-

975 3053 1159 3142 piunt
1190 3066 1214 3118 ,-
1264 3040 1327 3111 h.
1358 3066 1415 3111 e.
1445 3088 1472 3124 ,
1525 3058 1604 3109 ut
1638 3033 1938 3131 scapham
1977 3036 2278 3130 scapham
2310 3037 2707 3135 appellemus
2731 3087 2756 3123 ,
2819 3040 2893 3108 iis
2943 3041 3073 3136 hoc
3122 3062 3594 3137 argumentum
3640 3044 3878 3117 videtur

856 3225 862 3230 ἢ
979 3131 1301 3237 sophisma
1322 3186 1347 3225 ‚
1388 3137 1502 3232 qui
1544 3161 1685 3211 non
1732 3131 1877 3208 satis
1920 3137 2093 3207 acuti
2140 3132 2291 3208 fiant
2333 3129 2399 3204 8ο
2436 3134 2847 3230 perspicacem

1179 3293 1347 3365 Sane
1369 3340 1400 3377 ,
1447 3312 1602 3362 cum
1634 3304 1898 3359 tantum
1942 3284 2412 3381 Philosophum
2458 3286 2548 3358 ita
2586 3284 2969 3381 loquentem
3007 3287 3201 3359 audio
3232 3327 3253 3372 ,-
3284 3288 3707 3379 quantumvis
3730 3287 3889 3360 clare

983 3392 1146 3466 mihi
1195 3389 1420 3462 videar
1460 3388 1679 3461 videre
1705 3436 1728 3472 ,
1766 3407 2228 3480 argumentum
2259 3436 2281 3471 ,
2334 3385 2415 3458 de
2465 3409 2600 3477 quo
2640 3388 2892 3480 agimus
2925 3436 2947 3471 ‚
2996 3381 3115 3457 effi,-
3165 3383 3575 3477 sophisticum
3606 3435 3628 3469 ‚
3664 3387 3890 3458 vixta·

882 3537 894 3556 .
983 3516 1142 3563 men
1182 3481 1252 3560 id
1296 3475 1631 3560 affirmare·
1679 3485 1938 3565 aude03
1990 3510 2066 3556 ac
2104 3482 2384 3578 suspicor
2430 3484 2783 3557 identidem
2811 3532 2835 3570 ‚
2879 3483 3117 3554 vitium
3177 3480 3433 3556 fortaffe
3484 3508 3619 3555 non
3660 3481 3778 3557 effe
3830 3484 3894 3555 in

987 3579 1116 3659 hoc
1160 3603 1550 3680 argumento
1584 3634 1608 3671 ‚
1666 3581 1775 3655 sed
1818 3584 1886 3654 in
1940 3606 2050 3654 me
2074 3627 2096 3655 ‚
2220 3575 2355 3654 uod
2421 3607 2558 3654 non
2608 3603 2685 3655 ea
2730 3578 2874 3653 sum
2923 3583 3155 3653 mentis
3200 3579 3583 3695 perspicacia
3614 3631 3639 3668 ,
3713 3605 3899 3678 quam

989 3682 1316 3764 Cartesius
1357 3683 1557 3777 exigit
1580 3731 1604 3769 ‚
1654 3680 1737 3751 ad
1784 3681 1926 3751 vim
1980 3681 2119 3772 ejus
2172 3610 2589 3753 sentiendam.
2696 3672 2992 3751 Forfitan
3032 3679 3252 3752 mulus
3295 3681 3400 3752 hic
3446 3671 3621 3752 idem
3650 3732 3679 3768 ‚
3734 3678 3903 3774 quod

987 3784 1199 3868 mihi,
1255 3782 1534 3854 accidit:
1587 3771 1803 3851 forsan
1850 3778 2051 3850 etiam
2097 3776 2245 3850 sunt
2272 3777 2521 3869 aliqui,
2573 3777 2687 3870 qui
2711 3775 3348 3852 'demonstrationem
3396 3775 3585 3848 istam
3620 3800 3899 3871 utroque

988 3879 1220 3969 pollice
1265 3876 1591 3973 probant,
1640 3891 1902 3972 tantum
1926 3922 1951 3961 ‚
1999 3893 2075 3945 ut
2103 3899 2187 3947 ne
2235 3876 2580 3951 videantur
2640 3870 2952 3968 requisito
3006 3876 3090 3949 ad
3158 3876 3241 3953 id.
3301 3874 3693 3971 capiendum
3734 3878 3908 3970 inge·

973 3974 1083 4044 nii
1135 3977 1436 4047 acumine
1484 3973 1764 4048 destitui.

1186 4127 1365 4199 Cum
1402 4143 1566 4200 vero
1586 4176 1610 4213 ,
1659 4113 1930 4220 seposita
1995 4110 2271 4202 cartem
2307 4128 2694 4203 auctoritate
2716 4180 2740 4217 ,
2803 4151 2878 4204 ea
2927 4131 3240 4204 examino
3262 4182 3287 4218 ,
3333 4150 3464 4225 qua
3503 4125 3767 4222 poss'um
3826 4137 3919 4194 at-

965 4227 1286 4301 'tentione
1313 4276 1338 4315 ‚
1385 4249 1539 4320 quae
1594 4225 1663 4295 in
1705 4224 2054 4322 responfione
2084 4225 2169 4301 ad
2213 4225 2556 4316 objeffiones
2571 4237 2802 4322 primas
2850 4230 2931 4300 ad
2976 4225 3428 4301 roborandum
3472 4230 3539 4299 &
3588 4225 3923 4298 vindican-

993 4325 1332 4400 dum-hoc
1372 4341 1838 4420 argumentum
1870 4378 1893 4412 ,
1946 4342 2090 4420 pag.
2134 4334 2278 4414 60,
2327 4331 2414 4400 61
2442 4379 2465 4413 ,
2502 4339 2618 4405 62.
2668 4323 2755 4399 ab
2797 4325 2936 4420 ipse
2985 4322 3398 4413 afferuntur,
3446 4344 3918 4418 quorumque,

993 4446 1071 4498 ut
1112 4421 1530 4516 conquer}tur
1556 4473 1580 4510 ,
1638 4449 1754 4496 non
1809 4450 2002 4498 omnes
2036 4426 2197 4516 satis
2233 4426 2625 4501 recordantur
2662 4454 2682 4491 .·
2731 4444 2993 4498 tantum
3042 4423 3222 4499 abest
3246 4495 3255 4502 ,
3278 4477 3300 4512 ,
3354 4444 3432 4497 ut
3473 4424 3622 4512 haec
3678 4446 3789 4493 me
3846 4416 3923 4487 de

993 4515 1312 4596 soliditate
1351 4522 1490 4610 ejus
1543 4523 1938 4594 convincant
1972 4573 1995 4607 ,
2057 4545 2135 4595 ut
2167 4509 2385 4614 potius
2422 4526 2563 4596 haec
2609 4518 2739 4615 ipsa
2791 4525 2969 4596 nova
3024 4521 3407 4619 sophismata
3455 4521 3616 4593 mihi
3658 4519 3924 4590 videan-

991 4633 1120 4697 tur.
1197 4619 1431 4696 Haeret
1456 4670 1481 4712 ,
1533 4639 1613 4693 ut
1656 4619 1817 4695 mihi
1869 4620 2133 4696 videtur
2154 4668 2179 4709 ‚
2228 4619 2697 4719 Philosophus,
2745 4617 2916 4696 ficut
2948 4620 3154 4696 solent
3196 4672 3225 4713 7
3277 4622 3391 4719 qui
3452 4633 3595 4693 no'n
3653 4614 3927 4787 poffuffi

1010 4787 1028 4792 „
3654 4742 3749 4814 pe
3796 4738 3831 4785 e
