4188 5670
918 305 933 315 ’
1047 328 1355 383 anon·
1454 298 2580 385 moure-iuxtaue.-
3173 339 3323 412 479

602 485 864 579 Neque·
881 487 1080 562 etiam
1125 487 1327 583 gloria
1372 489 1463 562 est
1481 537 1502 569 ,
1561 511 1717 583 quae
1769 511 1854 559 ex
1892 485 2276 561 muneribus
2330 491 2398 561 &·
2432 487 2860 581 dignitatibus
2893 487 3102 561 oritur
3154 494 3313 567 cele.

314 652 325 660 ,
415 581 667 671 Ιπίῐῑεε,Ι
707 581 849 658 nifi-
882 587 952 661 in
997 587 1104 660 ina
1143 585 1505 681 Republica
1531 637 1555 672 ‚
1594 584 1714 659 ubi
1769 585 1884 659 soli
1930 587 2164 659 virtuti
2182 637 2208 673 ,
2241 583 2514 678 solisque
2554 589 2796 659 meritis
2836 590 2942 660 hae
2983 587 3325 684 dignitates

413 699 684 775 patent3
735 679 854 755 nifi
900 686 1047 780 quis
1089 709 1331 757 munus
1400 689 1465 759 &
1506 702 1772 779 propter
1821 685 2135 757 virtutem
2229 680 2311 756 fit
2360 684 2630 776 adeptus
2683 733 2707 770 ‚
2759 688 2823 757 &
2880 711 3031 757 cum
3079 688 3323 764 virtute

415 779 833 854 administret.
927 784 1084 857 Hoc
1126 778 1246 855 nifi
1288 779 1493 869 adlit,
1533 784 1789 855 lucrum
1818 784 1887 853 in
1917 783 2015 854 his
2060 777 2445 854 muneribus
2492 780 2611 854 effe
2637 782 2846 875 potest
2868 835 2889 869 ‚
2933 785 3137 878 gloria
3161 812 3334 879 vero·

407 877 481 948 -&
507 878 720 950 honor
760 879 977 954 nullus
1022 879 1129 954 est.
1231 878 1349 954 Sin
1391 882 1590 965 etiam
1631 880 1908 989 indignis
1959 877 2374 978 conferantur
2400 930 2424 967 ,
2479 878 2730 953 summa
2770 880 2839 950 in
2870 883 2989 964 illis
3028 881 3119 955 est
3160 884 3323 959 inf'a.

413 974 565 1046 miaa
620 976 920 1071 Dignitas
950 980 1125 1053 enim
1161 975 1533 1071 hujusmodi
1553 977 1823 1070 indigno
1846 976 2079 1051 collata
2112 1027 2136 1064 ‚
2171 979 2264 1052 ita
2295 979 2541 1073 optime
2570 974 2824 1052 definiri
2847 978 3092 1074 potest:
3134 983 3323 1055 Thea.

409 1088 603 1145 trum·
622 1075 917 1165 excelsum
940 1124 987 1164 ,.
1009 1085 1077 1149 in
1113 1100 1232 1177 quo
1263 1085 1402 1176 quis
1453 1079 1774 1159 stultitiam
1822 1072 1913 1163 Εᾷ
1937 1075 2376 1170 improbitatem
2417 1078 2628 1152 multis
2662 1094 2815 1159 ante⁴
2850 1086 3124 1177 ignotam.
3161 1081 3349 1155 clare·

410 1169 705 1242 omnibus·
728 1172 1121 1266 demonstrare
1149 1179 1353 1268 potest.
3065 1270 3068 1272 ‚

606 1269 908 1365 Denique
956 1300 1117 1348 cum
1181 1273 1457 1366 gloriam
1505 1271 1768 1345 virtutis
1815 1270 2059 1346 famam
2103 1273 2408 1369 appe1103
2456 1297 2566 1347 ne.
2589 1274 2731 1364 quis
2778 1271 3083 1358 fallatum
3134 1275 3319 1350 intel-

411 1362 545 1456 ligo
587 1367 902 1443 virtutem
938 1379 1236 1466 propriam
1260 1421 1281 1455 ,
1342 1395 1459 1444 non
1505 1372 1812 1450 alienam3
1860 1396 1996 1441 non
2045 1396 2326 1444 avorum
2378 1373 2442 1443 &
2496 1393 2916 1465 proavorum.
3009 1374 3133 1447 His
3174 1372 3330 1447 solis

410 1463 525 1557 qui
573 1463 887 1557 gloriatur
906 1521 932 1558 ‚
983 1470 1176 1542 instar
1221 1477 1390 1542 corvi
1438 1466 1696 1560 AEsbpici
1740 1469 1959 1540 alienis
1994 1471 2233 1563 plumis
2282 1466 2587 1564 superbit.

799 1627 978 1694 Nam
1001 1654 1007 1661 ·
1018 1643 1196 1718 geum
1247 1619 1337 1708 ἐξ
1380 1639 1639 1712 proavos
1667 1615 1762 1706 &²
1789 1645 1926 1720 quae
1972 1646 2090 1694 non
2119 1621 2382 1715 fecimus
2431 1617 2602 1712 ipsi,-

806 1725 929 1793 Vix
956 1746 1026 1792 ea
1071 1724 1264 1813 nostra
1295 1736 1446 1813 puto

609 1811 876 1889 Poffnnt
917 1818 1180 1911 quidem
1225 1834 1533 1911 parentes·
1575 1813 1794 1888 liberis
1850 1839 2015 1888 rem‘
2042 1815 2401 1910 relinquere
2432 1840 2482 1895 3³
2504 1815 2780 1908 gloriam
2848 1842 2987 1891 non
3036 1813 3324 1897 poffimei

406 1909 495 1979 Et
548 1908 596 1981 fi
648 1936 1009 2003 parentum·
1038 1917 1247 1988 virtus
1286 1918 1648 1991 honoratur
1686 1916 1754 1985 in
1792 1912 2059 2007 posteris
2078 1930 2508 2006 §parentum
2559 1914 2748 1984 unice
2796 1916 2940 1987 haec
2973 1916 3175 2010 gloria
3201 1915 3320 2004 est,-

408 2031 611 2096 quam
659 2010 849 2084 stulte
893 2011 1005 2084 filii
1057 2010 1179 2086 fibi
1228 2015 1594 2089 vendicant.
1670 2014 1753 2086 At
1791 2033 1988 2107 pater·
2015 2009 2259 2084 Consul
2287 2062 2312 2100 ‚
2367 2030 2437 2083 at
2492 2010 2761 2082 Senator
2795 2011 2922 2085 fuit
2969 2042 2991 2093 3
3055 2013 3318 2085 mallem

410 2104 699 2187 diceres;
745 2112 834 2181 At
876 2109 1108 2196 fortiS,
1136 2130 1221 2184 at·
1251 2114 1533 2206 prudens
1553 2129 1676 2191 ‚at
1712 2112 1857 2205 pius
1876 2159 1901 2197 ‚
1934 2110 2278 2183 arsdodtus.
2384 2107 2508 2182 Sed
2555 2101 2796 2181 fixerint
2857 2111 3004 2184 haec
3055 2108 3188 2204 ipsa
3246 2114 3320 2183 in

404 2220 590 2295 patre
616 2224 757 2280 tuo.
871 2209 1057 2295 Quid
1092 2210 1237 2283 haec
1291 2212 1373 2284 ad
1423 2231 1491 2282 te
1535 2207 1585 2281 2.
1884 2216 1891 2223 ’

716 2363 898 2440 Mal⁰
938 2383 1111 2456 pater
1169 2364 1290 2450 tibi
1313 2363 1429 2453 stt·
1455 2363 1742 2456 Therfites
1785 2391 1813 2451 ‚·
1884 2362 2209 2437 disnnnodo
2254 2377 2333 2435 tu
2361 2360 2482 2454 fir*

755 2463 1022 2535 AEacidae
1048 2463 1287 2554 sumtis.

607 2606 736 2678 Dic
775 2610 931 2680 mihi
964 2615 1077 2704 qui
1104 2613 1804 2707 nobilitatem-jadias}
1840 2610 2224 2706 fi'parentes
2260 2611 2360 2682 tui
2379 2604 2633 2681 'robusti
2658 2658 2681 2694 ,
2719 2611 3044 2698 valentes,
3091 2608 3342 2706 vigea--

408 2717 510 2779 ,tes
548 2705 617 2776 iu
666 2704 1640 2801 ultimam‚usque.sene&utem
1688 2708 1991 2793 fuiffent3
2040 2709 2278 2781 ideone
2332 2727 2409 2779 tu
2470 2704 2696 2779 melius
2738 2709 2982 2780 valeres
3034 2759 3058 2795 ,
3112 2735 3316 2802 quan-

406 2822 609 2891 quam
661 2823 987 2897 perpetuo
1033 2832 1186 2879 cum
1236 2809 1482 2883 morbis
1532 2807 1965 2882 colluetareris
1989 2835 2016 2890 ‚·
2056 2804 2106 2878 fi
2145 2813 2351 2878 ventri
2388 2807 2545 2877 male
2572 2856 2595 2891 ‚
2639 2804 2698 2895 fi
2739 2807 2920 2879 lateri
2951 2800 3319 2908 pedibufibe

403 2905 530 2970 tuis
573 2905 669 2994 ςβ.
748 2904 930 2996 Quid
968 2905 1168 2998 igitur
1212 2908 1338 2981 tibi
1388 2906 1617 2981 tribuis
1665 2908 1927 2981 virtutis
1985 2906 2262 3001 gloriam
2296 2953 2323 2992 ,
2378 2902 2882 2998 qui‘toranimi
2922 2902 3314 2982 morborum

404 2994 528 3067 tibi
550 2997 834 3072 conscius
877 3001 999 3072 es?
1812 3086 1816 3090 ⁴

395 3157 401 3162 .
600 3098 760 3169 Dixi
810 3100 1113 3193 denique.
1145 3107 1210 3175 in
1238 3130 1408 3177 -vera
1464 3105 1691 3199 gloriae
1762 3102 2189 3198 descriptione
2233 3151 2258 3187 ‚
2338 3096 2583 3175 famam
2628 3102 2887 3174 virtutis
2932 3096 3020 3174 ab
3056 3097 3131 3172 ii's
3164 3122 3315 3196 pro-

403 3191 542 3264 dire
574 3197 640 3266 &
686 3190 965 3268 diffundi
1013 3198 1247 3273 debere
1271 3219 1315 3288 ‚‘
1346 3204 1459 3296 qui
1495 3202 1641 3275 sunt
1665 3202 1910 3291 judices
1941 3204 2005 3273 &
2048 3199 2429 3295 intelligentes
2484 3197 2575 3286 ἓξ
2624 3199 3006 3291 incorruptis
3063 3197 3164 3270 Illi
3181 3195 3315 3271 -soli

400 3296 576 3364 rec-ste
625 3293 911 3383 judicare
964 3297 1252 3389 poffimt3
1303 3301 1369 3373 hi
1395 3300 1631 3372 volunt.
1758 3295 2014 3389 =Poffiint
2062 3297 2144 3368 de
2199 3298 2447 3369 virtute
2491 3296 2777 3387 judicare
2807 3316 3315 3389 nonnunquam

407 3412 673 3471 omne83
707 3418 1180 3487 nonnunquam
1214 3397 1441 3485 multi,
1479 3420 1957 3490 nonnunquam
1983 3391 2098 3480 soli
2144 3391 2478 3486 sapientes.
2548 3393 3072 3465 Proui-virtutes
3108 3391 3314 3466 variae

404 3482 555 3558 sunt
593 3539 616 3571 ‚
671 3489 751 3561 de
772 3516 906 3583 quo
955 3495 1062 3565 hic
1087 3495 1380 3587 pluribus
1417 3498 1626 3568 dicere
1656 3497 1926 3587 longum
1973 3490 2164 3563 foret.
2238 3491 2365 3563 Sed
2403 3509 2631 3570 tamen
2654 3487 2901 3583 ubique
2954 3488 3315 3584 sapientum

406 3582 736 3675 potiffima
761 3585 1052 3663 habenda
1078 3592 1166 3663 est
1188 3595 1358 3667 ratio
1382 3623 1406 3677 ,-
1433 3597 1646 3687 inepte
1669 3595 1849 3665 enim
1889 3591 1993 3661 hic
2013 3614 2113 3661 res
2161 3588 2563 3659 decideretur
2588 3589 2953 3682 pluralitate
2993 3599 3311 3662 votorum

410 3686 475 3756 &
516 3682 825 3756 consensu
869 3689 1048 3780 vulgi
1078 3739 1101 3775 ,
1160 3695 1274 3784 qui
1318 3679 1402 3763 ‘ex
1431 3698 1691 3784 opinione
1716 3691 1917 3761 multa
1947 3726 1975 3773 ‚·
2010 3709 2090 3762 ut
2127 3686 2219 3758 ait
2264 3686 2506 3758 Tullitaes
2532 3733 2557 3771 ‚
2608 3711 2685 3756 ex
2709 3689 2970 3757 veritate
2996 3689 3316 3778 paucajn-

382 3782 576 3856 -dicat
605 3810 626 3862 3
648 3811 657 3820 ·
686 3787 932 3878 ne-quis
962 3787 1301 3861 existimet
1320 3840 1344 3877 ‚
1369 3790 1543 3863 idem
1575 3785 1951 3860 effe.veram
1971 3784 2256 3879 gloriam·
2273 3805 2588 3876 quaerere,
2605 3784 2669 3855 δι
2690 3805 2914 3854 auram
2926 3784 3315 3879 popularem

411 3900 682 3976 captare.

611 3979 849 4054 Volunt‘
884 4000 1117 4055 autem,
1159 3984 1527 4076 incorrupte
1565 3983 1898 4076 judicare,
1966 3982 2081 4077 qui
2147 3981 2329 4053 nullo
2382 4002 2592 4072 pravo
2638 3972 2877 4053 affestu
2896 4029 2922 4068 ,
2962 4006 3100 4054 non
3145 3983 3314 4056 invi-

240 4129 247 4136 ·
382 4035 562 4164 Ea,
610 4103 745 4149 non
792 4105 1019 4154 amore
1046 4130 1072 4167 ‚
1119 4105 1265 4153 non.
1309 4080 1511 4168 odio,
1548 4089 1586 4151 a
1626 4108 1784 4154 vero
1822 4078 2267 4155 defledtuntur.
2379 4075 2552 4151 Haec
2603 4079 2680 4149 δι’
2721 4078 3046 4191 ejusmodi
3081 4080 3203 4153 alia
3257 4076 3313 4151 fi

411 4172 644 4247 absunt
664 4226 692 4262 ,
735 4195 895 4251 tum·
936 4203 1097 4251 vero
1138 4182 1252 4272 qui
1324 4181 1494 4250 redte
1514 4237 1519 4241 .
1541 4178 1849 4270 judicare.
1869 4175 2126 4270 poffunt
2150 4228 2174 4263 ‚
2229 4178 2433 4249 etiam
2479 4174 2736 4248 volunt.

602 4277 735 4349 Hic
779 4300 1004 4351 autem
1049 4278 1130 4362 ad
1176 4278 1456 4372 gloriam
1503 4276 1799 4350 tendenti
1826 4273 2046 4367 -probe
2072 4272 2552 4346 observandum
2589 4272 2704 4360 est,
2739 4295 3078 4369 nunquam
3103 4273 3316 4359 dessa-

410 4372 646 4476 pientis
679 4376 963 4447 hominis
999 4367 1481 4469 approbatione
1511 4372 1989 4467 desperandum
2023 4368 2141 4444 effe
2167 4418 2193 4454 ‚
2238 4368 2308 4443 fi'
2335 4374 2507 4443 redte
2555 4373 2845 4463 agimus3
2886 4365 3132 4441 etiamfi
3183 4370 3318 4444 for.

411 4476 561 4551 tafle
593 4501 770 4548 nunc
811 4469 1148 4546 affedkibus
1177 4498 1387 4546 caecus
1422 4474 1767 4546 veritatem
1792 4469 2138 4568 agnoscere
2167 4469 2333 4541 nolit
2351 4495 2379 4552 ·,·
2397 4543 2403 4548 ,
2421 4466 2757 4540 confestim
2776 4468 2949 4540 enim
2972 4464 3318 4561 postquam

340 4587 343 4588 *
410 4575 737 4648 deferbuit
762 4572 953 4646 aestus
983 4569 1488 4661 perturbationis
1503 4621 1529 4658 ,
1561 4572 1642 4644 ad
1668 4569 1761 4642 'se
1785 4569 2025 4644 redibit
2042 4619 2067 4655 ,
2094 4568 2159 4640 &
2183 4585 2465 4657 utroque
2488 4561 2729 4656 pollice
2763 4555 3109 4653 ·pr0babit‚·
3131 4566 3317 4659 quod

410 4694 559 4748 ante
610 4673 1033 4746 calumniatus
1055 4670 1121 4740 &
1144 4688 1422 4742 tantum
1451 4693 1588 4743 non
1614 4691 1949 4747 execratus
1990 4663 2111 4740 effe
2131 4659 2547 4738 videbatur,-
3136 4660 3313 4756 ErgQ
3345 4695 3357 4723 ›
