<?xml version="1.0" encoding="UTF-8"?>
<!DOCTYPE html PUBLIC "-//W3C//DTD XHTML 1.0 Transitional//EN"
    "http://www.w3.org/TR/xhtml1/DTD/xhtml1-transitional.dtd">
<html xmlns="http://www.w3.org/1999/xhtml" xml:lang="en" lang="en">
 <head>
  <title>
</title>
<meta http-equiv="Content-Type" content="text/html;charset=utf-8" />
  <meta name='ocr-system' content='tesseract 3.04.00' />
  <meta name='ocr-capabilities' content='ocr_page ocr_carea ocr_par ocr_line ocrx_word'/>
</head>
<body>
  <div class='ocr_page' id='page_1' title='image "./opusculatheolog00weregoog/opusculatheolog00weregoog_0214.png"; bbox 0 0 4188 5670; ppageno 0'>
   <div class='ocr_carea' id='block_1_1' title="bbox 899 298 2898 414">
    <p class='ocr_par' dir='ltr' id='par_1_1' title="bbox 899 298 2898 414">
     <span class='ocr_line' id='line_1_1' title="bbox 899 298 2898 414; baseline 0.001 -36"><span class='ocrx_word' id='word_1_1' title='bbox 899 323 1066 414; x_wconf 55' lang='grc' dir='ltr'>ηις</span> <span class='ocrx_word' id='word_1_2' title='bbox 1505 343 1509 347; x_wconf 61' lang='grc'><strong><em>«</em></strong></span> <span class='ocrx_word' id='word_1_3' title='bbox 1958 298 2119 381; x_wconf 80' lang='lat' dir='ltr'>Dr.</span> <span class='ocrx_word' id='word_1_4' title='bbox 2209 298 2898 384; x_wconf 72' lang='grc' dir='ltr'>Τιιιεὸιι·</span> 
     </span>
    </p>
   </div>
   <div class='ocr_carea' id='block_1_2' title="bbox 923 464 3865 972">
    <p class='ocr_par' dir='ltr' id='par_1_2' title="bbox 923 464 3865 972">
     <span class='ocr_line' id='line_1_2' title="bbox 931 464 3865 654; baseline -0.003 -85"><span class='ocrx_word' id='word_1_5' title='bbox 931 497 1111 571; x_wconf 85' lang='lat' dir='ltr'>illam</span> <span class='ocrx_word' id='word_1_6' title='bbox 1165 484 1580 565; x_wconf 82' lang='lat' dir='ltr'>durationem</span> <span class='ocrx_word' id='word_1_7' title='bbox 1621 474 1710 557; x_wconf 83' lang='lat' dir='ltr'>ab</span> <span class='ocrx_word' id='word_1_8' title='bbox 1748 478 1939 557; x_wconf 84' lang='lat' dir='ltr'>initio</span> <span class='ocrx_word' id='word_1_9' title='bbox 1977 485 2213 561; x_wconf 82' lang='lat' dir='ltr'>mundi</span> <span class='ocrx_word' id='word_1_10' title='bbox 2245 485 2449 584; x_wconf 84' lang='lat' dir='ltr'>usque</span> <span class='ocrx_word' id='word_1_11' title='bbox 2486 483 2573 561; x_wconf 85' lang='lat' dir='ltr'>ad</span> <span class='ocrx_word' id='word_1_12' title='bbox 2620 464 3257 561; x_wconf 64' lang='lat' dir='ltr'>confirmmationem</span> <span class='ocrx_word' id='word_1_13' title='bbox 3304 474 3499 555; x_wconf 73' lang='lat' dir='ltr'>seculi</span> <span class='ocrx_word' id='word_1_14' title='bbox 3529 475 3865 654; x_wconf 52' lang='lat' dir='ltr'>finiere&amp;</span> 
     </span>
     <span class='ocr_line' id='line_1_3' title="bbox 923 580 3864 684; baseline -0.007 -16"><span class='ocrx_word' id='word_1_15' title='bbox 923 595 1037 669; x_wconf 85' lang='lat' dir='ltr'>De</span> <span class='ocrx_word' id='word_1_16' title='bbox 1077 593 1199 664; x_wconf 86' lang='lat' dir='ltr'>hac</span> <span class='ocrx_word' id='word_1_17' title='bbox 1239 606 1507 663; x_wconf 88' lang='lat' dir='ltr'>tantum</span> <span class='ocrx_word' id='word_1_18' title='bbox 1551 582 1871 678; x_wconf 82' lang='lat' dir='ltr'>quaeritur</span> <span class='ocrx_word' id='word_1_19' title='bbox 1887 631 1914 669; x_wconf 89' lang='lat'>,</span> <span class='ocrx_word' id='word_1_20' title='bbox 1959 605 2047 655; x_wconf 88' lang='lat' dir='ltr'>an</span> <span class='ocrx_word' id='word_1_21' title='bbox 2092 586 2375 680; x_wconf 76' lang='lat' dir='ltr'>praesens</span> <span class='ocrx_word' id='word_1_22' title='bbox 2412 584 2626 684; x_wconf 81' lang='lat' dir='ltr'>aliqua</span> <span class='ocrx_word' id='word_1_23' title='bbox 2663 581 2748 658; x_wconf 84' lang='lat' dir='ltr'>fit</span> <span class='ocrx_word' id='word_1_24' title='bbox 2797 583 2936 677; x_wconf 82' lang='lat' dir='ltr'>ejus</span> <span class='ocrx_word' id='word_1_25' title='bbox 2974 605 3140 677; x_wconf 83' lang='lat' dir='ltr'>pars.</span> <span class='ocrx_word' id='word_1_26' title='bbox 3206 580 3275 655; x_wconf 89' lang='lat' dir='ltr'>Si</span> <span class='ocrx_word' id='word_1_27' title='bbox 3294 604 3412 654; x_wconf 89' lang='lat' dir='ltr'>mo</span> <span class='ocrx_word' id='word_1_28' title='bbox 3758 585 3864 657; x_wconf 88' lang='lat' dir='ltr'>in.</span> 
     </span>
     <span class='ocr_line' id='line_1_4' title="bbox 932 675 3865 780; baseline -0.002 -19"><span class='ocrx_word' id='word_1_29' title='bbox 932 692 1088 766; x_wconf 82' lang='lat' dir='ltr'>nnis·</span> <span class='ocrx_word' id='word_1_30' title='bbox 1109 738 1134 776; x_wconf 90' lang='lat'>‚</span> <span class='ocrx_word' id='word_1_31' title='bbox 1177 688 1314 780; x_wconf 82' lang='lat' dir='ltr'>jam</span> <span class='ocrx_word' id='word_1_32' title='bbox 1364 684 1598 779; x_wconf 85' lang='lat' dir='ltr'>negavi</span> <span class='ocrx_word' id='word_1_33' title='bbox 1647 675 1810 754; x_wconf 81' lang='lat' dir='ltr'>thesi</span> <span class='ocrx_word' id='word_1_34' title='bbox 1847 681 2088 765; x_wconf 71' lang='lat' dir='ltr'>tertia3</span> <span class='ocrx_word' id='word_1_35' title='bbox 2135 680 2187 756; x_wconf 88' lang='lat' dir='ltr'>fi</span> <span class='ocrx_word' id='word_1_36' title='bbox 2216 687 2272 756; x_wconf 67' lang='grc' dir='ltr'>ὃν</span> <span class='ocrx_word' id='word_1_37' title='bbox 2329 679 2568 755; x_wconf 55' lang='grc' dir='ltr'><strong>πλείτω</strong></span> <span class='ocrx_word' id='word_1_38' title='bbox 2620 683 2851 777; x_wconf 80' lang='lat' dir='ltr'>accipis</span> <span class='ocrx_word' id='word_1_39' title='bbox 2874 731 2900 770; x_wconf 87' lang='lat'><em>,</em></span> <span class='ocrx_word' id='word_1_40' title='bbox 2938 699 3019 755; x_wconf 87' lang='lat' dir='ltr'>ut</span> <span class='ocrx_word' id='word_1_41' title='bbox 3053 679 3257 774; x_wconf 84' lang='lat' dir='ltr'>vulgo</span> <span class='ocrx_word' id='word_1_42' title='bbox 3299 678 3577 752; x_wconf 81' lang='lat' dir='ltr'>sumitur</span> <span class='ocrx_word' id='word_1_43' title='bbox 3601 712 3641 768; x_wconf 45' lang='lat'>‚‘</span> <span class='ocrx_word' id='word_1_44' title='bbox 3680 684 3753 754; x_wconf 71' lang='grc' dir='ltr'><strong>ἃ</strong></span> <span class='ocrx_word' id='word_1_45' title='bbox 3780 701 3865 771; x_wconf 75' lang='lat' dir='ltr'>uc</span> 
     </span>
     <span class='ocr_line' id='line_1_5' title="bbox 928 775 3865 877; baseline -0.004 -14"><span class='ocrx_word' id='word_1_46' title='bbox 928 812 1155 863; x_wconf 88' lang='lat' dir='ltr'>revera</span> <span class='ocrx_word' id='word_1_47' title='bbox 1194 782 1407 857; x_wconf 89' lang='lat' dir='ltr'>existit</span> <span class='ocrx_word' id='word_1_48' title='bbox 1436 831 1461 870; x_wconf 88' lang='lat'><em>‚</em></span> <span class='ocrx_word' id='word_1_49' title='bbox 1507 780 1736 871; x_wconf 90' lang='lat' dir='ltr'>utique</span> <span class='ocrx_word' id='word_1_50' title='bbox 1775 802 1925 872; x_wconf 80' lang='lat' dir='ltr'>pars</span> <span class='ocrx_word' id='word_1_51' title='bbox 1969 778 2329 858; x_wconf 75' lang='lat' dir='ltr'>durationis</span> <span class='ocrx_word' id='word_1_52' title='bbox 2374 780 2504 855; x_wconf 82' lang='lat' dir='ltr'>dici</span> <span class='ocrx_word' id='word_1_53' title='bbox 2538 780 2757 877; x_wconf 81' lang='lat' dir='ltr'>potest</span> <span class='ocrx_word' id='word_1_54' title='bbox 2781 828 2814 873; x_wconf 81' lang='lat'><em>,</em></span> <span class='ocrx_word' id='word_1_55' title='bbox 2859 804 3018 856; x_wconf 84' lang='lat' dir='ltr'>cum</span> <span class='ocrx_word' id='word_1_56' title='bbox 3064 780 3133 854; x_wconf 70' lang='grc' dir='ltr'>δι’</span> <span class='ocrx_word' id='word_1_57' title='bbox 3173 775 3388 873; x_wconf 86' lang='lat' dir='ltr'>ipsum</span> <span class='ocrx_word' id='word_1_58' title='bbox 3436 794 3707 873; x_wconf 79' lang='lat' dir='ltr'>tempus</span> <span class='ocrx_word' id='word_1_59' title='bbox 3736 778 3865 852; x_wconf 84' lang='lat' dir='ltr'>du-</span> 
     </span>
     <span class='ocr_line' id='line_1_6' title="bbox 924 872 3475 972; baseline -0.007 -10"><span class='ocrx_word' id='word_1_60' title='bbox 924 888 1095 962; x_wconf 82' lang='lat' dir='ltr'>ratio</span> <span class='ocrx_word' id='word_1_61' title='bbox 1146 880 1230 959; x_wconf 87' lang='lat' dir='ltr'>fit</span> <span class='ocrx_word' id='word_1_62' title='bbox 1274 881 1401 956; x_wconf 87' lang='lat' dir='ltr'>suis</span> <span class='ocrx_word' id='word_1_63' title='bbox 1442 876 1737 954; x_wconf 71' lang='lat' dir='ltr'>constans</span> <span class='ocrx_word' id='word_1_64' title='bbox 1784 872 2103 972; x_wconf 89' lang='lat' dir='ltr'>partibus.</span> <span class='ocrx_word' id='word_1_65' title='bbox 2296 917 2307 923; x_wconf 94' lang='lat'>-</span> <span class='ocrx_word' id='word_1_66' title='bbox 2866 882 2869 887; x_wconf 73' lang='lat'><em>‘</em></span> <span class='ocrx_word' id='word_1_67' title='bbox 3468 902 3475 909; x_wconf 91' lang='lat'><strong>·</strong></span> 
     </span>
    </p>
   </div>
   <div class='ocr_carea' id='block_1_3' title="bbox 1983 1074 2791 1165">
    <p class='ocr_par' dir='ltr' id='par_1_3' title="bbox 1983 1074 2791 1165">
     <span class='ocr_line' id='line_1_7' title="bbox 1983 1074 2791 1165; baseline -0.009 -9"><span class='ocrx_word' id='word_1_68' title='bbox 1983 1076 2500 1165; x_wconf 59' lang='lat' dir='ltr'>Quart.</span> <span class='ocrx_word' id='word_1_69' title='bbox 2621 1074 2791 1155; x_wconf 88' lang='lat' dir='ltr'>1v.</span> 
     </span>
    </p>
   </div>
   <div class='ocr_carea' id='block_1_4' title="bbox 922 1258 3989 3430">
    <p class='ocr_par' dir='ltr' id='par_1_4' title="bbox 922 1258 3989 3430">
     <span class='ocr_line' id='line_1_8' title="bbox 1127 1258 3865 1375; baseline -0.003 -25"><span class='ocrx_word' id='word_1_70' title='bbox 1127 1275 1234 1357; x_wconf 76' lang='lat' dir='ltr'>An</span> <span class='ocrx_word' id='word_1_71' title='bbox 1269 1293 1535 1369; x_wconf 84' lang='lat' dir='ltr'>tempus</span> <span class='ocrx_word' id='word_1_72' title='bbox 1577 1288 1906 1346; x_wconf 82' lang='lat' dir='ltr'>aeternum</span> <span class='ocrx_word' id='word_1_73' title='bbox 1952 1274 2019 1349; x_wconf 72' lang='lat' dir='ltr'>Sc</span> <span class='ocrx_word' id='word_1_74' title='bbox 2061 1268 2396 1349; x_wconf 84' lang='lat' dir='ltr'>infinitum</span> <span class='ocrx_word' id='word_1_75' title='bbox 2435 1272 2555 1349; x_wconf 80' lang='lat' dir='ltr'>effe</span> <span class='ocrx_word' id='word_1_76' title='bbox 2590 1272 2805 1375; x_wconf 85' lang='lat' dir='ltr'>potest</span> <span class='ocrx_word' id='word_1_77' title='bbox 2839 1270 2879 1346; x_wconf 68' lang='grc' dir='ltr'><strong><em>ἓ</em></strong></span> <span class='ocrx_word' id='word_1_78' title='bbox 2936 1268 3128 1367; x_wconf 87' lang='lat' dir='ltr'>Resp.</span> <span class='ocrx_word' id='word_1_79' title='bbox 3189 1262 3455 1364; x_wconf 84' lang='lat' dir='ltr'>Sepulta</span> <span class='ocrx_word' id='word_1_80' title='bbox 3494 1258 3673 1343; x_wconf 84' lang='lat' dir='ltr'>forte</span> <span class='ocrx_word' id='word_1_81' title='bbox 3703 1262 3865 1343; x_wconf 65' lang='lat' dir='ltr'>estc</span> 
     </span>
     <span class='ocr_line' id='line_1_9' title="bbox 923 1366 3875 1473; baseline -0.004 -20"><span class='ocrx_word' id='word_1_82' title='bbox 923 1377 1074 1454; x_wconf 77' lang='lat' dir='ltr'>haec</span> <span class='ocrx_word' id='word_1_83' title='bbox 1106 1374 1381 1471; x_wconf 81' lang='lat' dir='ltr'>quaeffio</span> <span class='ocrx_word' id='word_1_84' title='bbox 1405 1424 1430 1460; x_wconf 89' lang='lat'>,</span> <span class='ocrx_word' id='word_1_85' title='bbox 1479 1366 1600 1444; x_wconf 69' lang='lat' dir='ltr'>nisi</span> <span class='ocrx_word' id='word_1_86' title='bbox 1644 1367 2187 1465; x_wconf 82' lang='lat' dir='ltr'>Philosophorum</span> <span class='ocrx_word' id='word_1_87' title='bbox 2220 1373 2511 1451; x_wconf 88' lang='lat' dir='ltr'>summus</span> <span class='ocrx_word' id='word_1_88' title='bbox 2548 1372 2655 1447; x_wconf 88' lang='lat' dir='ltr'>hic</span> <span class='ocrx_word' id='word_1_89' title='bbox 2684 1368 3034 1468; x_wconf 82' lang='lat' dir='ltr'>cespitaffet</span> <span class='ocrx_word' id='word_1_90' title='bbox 3077 1421 3100 1458; x_wconf 90' lang='lat'>‚</span> <span class='ocrx_word' id='word_1_91' title='bbox 3146 1369 3252 1465; x_wconf 86' lang='lat' dir='ltr'>cui</span> <span class='ocrx_word' id='word_1_92' title='bbox 3291 1368 3528 1440; x_wconf 90' lang='lat' dir='ltr'>merito</span> <span class='ocrx_word' id='word_1_93' title='bbox 3587 1368 3875 1473; x_wconf 35' lang='lat' dir='ltr'>respon--</span> 
     </span>
     <span class='ocr_line' id='line_1_10' title="bbox 925 1467 3856 1567; baseline -0.005 -15"><span class='ocrx_word' id='word_1_94' title='bbox 925 1475 1216 1552; x_wconf 87' lang='lat' dir='ltr'>dendum</span> <span class='ocrx_word' id='word_1_95' title='bbox 1265 1471 1379 1545; x_wconf 82' lang='lat' dir='ltr'>est.</span> <span class='ocrx_word' id='word_1_96' title='bbox 1471 1469 1538 1544; x_wconf 91' lang='lat' dir='ltr'>Si</span> <span class='ocrx_word' id='word_1_97' title='bbox 1572 1489 1870 1564; x_wconf 82' lang='lat' dir='ltr'>tempore</span> <span class='ocrx_word' id='word_1_98' title='bbox 1913 1467 2294 1567; x_wconf 80' lang='lat' dir='ltr'>indigitatur</span> <span class='ocrx_word' id='word_1_99' title='bbox 2316 1524 2339 1559; x_wconf 90' lang='lat'>‚</span> <span class='ocrx_word' id='word_1_100' title='bbox 2394 1472 2495 1544; x_wconf 88' lang='lat' dir='ltr'>uti</span> <span class='ocrx_word' id='word_1_101' title='bbox 2538 1495 2764 1544; x_wconf 88' lang='lat' dir='ltr'>revera</span> <span class='ocrx_word' id='word_1_102' title='bbox 2814 1469 2905 1542; x_wconf 88' lang='lat' dir='ltr'>est</span> <span class='ocrx_word' id='word_1_103' title='bbox 2958 1476 3001 1556; x_wconf 74' lang='lat'>‚⁶</span> <span class='ocrx_word' id='word_1_104' title='bbox 3034 1467 3391 1541; x_wconf 83' lang='lat' dir='ltr'>durationis</span> <span class='ocrx_word' id='word_1_105' title='bbox 3456 1490 3543 1558; x_wconf 90' lang='lat' dir='ltr'>qu</span> <span class='ocrx_word' id='word_1_106' title='bbox 3560 1469 3797 1537; x_wconf 59' lang='lat' dir='ltr'>{ntitas</span> <span class='ocrx_word' id='word_1_107' title='bbox 3825 1515 3856 1554; x_wconf 86' lang='lat'>,</span> 
     </span>
     <span class='ocr_line' id='line_1_11' title="bbox 923 1560 3857 1665; baseline -0.004 -16"><span class='ocrx_word' id='word_1_108' title='bbox 923 1572 1194 1649; x_wconf 79' lang='lat' dir='ltr'>ridicule</span> <span class='ocrx_word' id='word_1_109' title='bbox 1239 1569 1557 1664; x_wconf 83' lang='lat' dir='ltr'>quaeritur</span> <span class='ocrx_word' id='word_1_110' title='bbox 1581 1616 1605 1654; x_wconf 89' lang='lat'>‚</span> <span class='ocrx_word' id='word_1_111' title='bbox 1656 1588 1886 1640; x_wconf 87' lang='lat' dir='ltr'>utrum</span> <span class='ocrx_word' id='word_1_112' title='bbox 1921 1589 2184 1665; x_wconf 83' lang='lat' dir='ltr'>tempus</span> <span class='ocrx_word' id='word_1_113' title='bbox 2234 1567 2314 1642; x_wconf 80' lang='lat' dir='ltr'>fit</span> <span class='ocrx_word' id='word_1_114' title='bbox 2366 1588 2691 1643; x_wconf 82' lang='lat' dir='ltr'>aeternum</span> <span class='ocrx_word' id='word_1_115' title='bbox 2713 1618 2737 1656; x_wconf 88' lang='lat'>,</span> <span class='ocrx_word' id='word_1_116' title='bbox 2808 1592 2963 1640; x_wconf 90' lang='lat' dir='ltr'>cum</span> <span class='ocrx_word' id='word_1_117' title='bbox 3027 1564 3310 1638; x_wconf 82' lang='lat' dir='ltr'>infinitas</span> <span class='ocrx_word' id='word_1_118' title='bbox 3371 1560 3489 1635; x_wconf 86' lang='lat' dir='ltr'>effe</span> <span class='ocrx_word' id='word_1_119' title='bbox 3564 1582 3857 1658; x_wconf 66' lang='lat' dir='ltr'>nequeat</span> 
     </span>
     <span class='ocr_line' id='line_1_12' title="bbox 922 1662 3856 1760; baseline -0.004 -15"><span class='ocrx_word' id='word_1_120' title='bbox 922 1669 1322 1746; x_wconf 86' lang='lat' dir='ltr'>attributum</span> <span class='ocrx_word' id='word_1_121' title='bbox 1385 1665 1784 1760; x_wconf 79' lang='lat' dir='ltr'>quantitatis.</span> <span class='ocrx_word' id='word_1_122' title='bbox 1856 1666 1924 1739; x_wconf 89' lang='lat' dir='ltr'>Si</span> <span class='ocrx_word' id='word_1_123' title='bbox 1973 1670 2077 1753; x_wconf 86' lang='lat' dir='ltr'>hic</span> <span class='ocrx_word' id='word_1_124' title='bbox 2131 1664 2210 1738; x_wconf 84' lang='lat' dir='ltr'>fit</span> <span class='ocrx_word' id='word_1_125' title='bbox 2242 1666 2454 1741; x_wconf 85' lang='lat' dir='ltr'>sensus</span> <span class='ocrx_word' id='word_1_126' title='bbox 2478 1718 2502 1756; x_wconf 89' lang='lat'>‚</span> <span class='ocrx_word' id='word_1_127' title='bbox 2526 1670 2626 1740; x_wconf 92' lang='lat' dir='ltr'>uti</span> <span class='ocrx_word' id='word_1_128' title='bbox 2677 1667 2937 1740; x_wconf 85' lang='lat' dir='ltr'>videtur</span> <span class='ocrx_word' id='word_1_129' title='bbox 2966 1717 2990 1753; x_wconf 91' lang='lat'>‚</span> <span class='ocrx_word' id='word_1_130' title='bbox 3021 1688 3104 1737; x_wconf 82' lang='lat' dir='ltr'>an</span> <span class='ocrx_word' id='word_1_131' title='bbox 3148 1667 3396 1755; x_wconf 85' lang='lat' dir='ltr'>integra</span> <span class='ocrx_word' id='word_1_132' title='bbox 3416 1662 3610 1752; x_wconf 83' lang='lat' dir='ltr'>hujus</span> <span class='ocrx_word' id='word_1_133' title='bbox 3647 1689 3856 1734; x_wconf 84' lang='lat' dir='ltr'>mun·</span> 
     </span>
     <span class='ocr_line' id='line_1_13' title="bbox 923 1759 3855 1861; baseline -0.004 -18"><span class='ocrx_word' id='word_1_134' title='bbox 923 1771 994 1843; x_wconf 90' lang='lat' dir='ltr'>di</span> <span class='ocrx_word' id='word_1_135' title='bbox 1040 1765 1303 1840; x_wconf 87' lang='lat' dir='ltr'>duratio</span> <span class='ocrx_word' id='word_1_136' title='bbox 1325 1814 1349 1851; x_wconf 87' lang='lat'>‚</span> <span class='ocrx_word' id='word_1_137' title='bbox 1410 1763 1594 1857; x_wconf 87' lang='lat' dir='ltr'>cujus</span> <span class='ocrx_word' id='word_1_138' title='bbox 1637 1784 1783 1859; x_wconf 84' lang='lat' dir='ltr'>pars</span> <span class='ocrx_word' id='word_1_139' title='bbox 1827 1762 1968 1856; x_wconf 82' lang='lat' dir='ltr'>jam</span> <span class='ocrx_word' id='word_1_140' title='bbox 2010 1765 2326 1861; x_wconf 81' lang='lat' dir='ltr'>praeteriit</span> <span class='ocrx_word' id='word_1_141' title='bbox 2348 1817 2373 1853; x_wconf 91' lang='lat'>,</span> <span class='ocrx_word' id='word_1_142' title='bbox 2426 1788 2574 1860; x_wconf 89' lang='lat' dir='ltr'>pars</span> <span class='ocrx_word' id='word_1_143' title='bbox 2619 1761 2924 1859; x_wconf 85' lang='lat' dir='ltr'>sequetur</span> <span class='ocrx_word' id='word_1_144' title='bbox 2954 1814 2979 1851; x_wconf 87' lang='lat'>‚</span> <span class='ocrx_word' id='word_1_145' title='bbox 3040 1759 3125 1835; x_wconf 87' lang='lat' dir='ltr'>fit</span> <span class='ocrx_word' id='word_1_146' title='bbox 3186 1759 3440 1847; x_wconf 70' lang='lat' dir='ltr'>infinita</span> <span class='ocrx_word' id='word_1_147' title='bbox 3486 1814 3503 1843; x_wconf 88' lang='lat'><em>,</em></span> <span class='ocrx_word' id='word_1_148' title='bbox 3573 1763 3855 1832; x_wconf 60' lang='grc' dir='ltr'>εὶῐςηῃω</span> 
     </span>
     <span class='ocr_line' id='line_1_14' title="bbox 927 1857 3854 1959; baseline -0.003 -18"><span class='ocrx_word' id='word_1_149' title='bbox 927 1864 1509 1944; x_wconf 69' lang='lat' dir='ltr'>contradiffionern</span> <span class='ocrx_word' id='word_1_150' title='bbox 1558 1862 1894 1936; x_wconf 83' lang='lat' dir='ltr'>involvere</span> <span class='ocrx_word' id='word_1_151' title='bbox 1926 1915 1950 1952; x_wconf 88' lang='lat'>‚</span> <span class='ocrx_word' id='word_1_152' title='bbox 2002 1882 2218 1959; x_wconf 87' lang='lat' dir='ltr'>partes</span> <span class='ocrx_word' id='word_1_153' title='bbox 2246 1861 2526 1945; x_wconf 84' lang='lat' dir='ltr'>habere;</span> <span class='ocrx_word' id='word_1_154' title='bbox 2571 1865 2638 1936; x_wconf 68' lang='grc' dir='ltr'><strong>ἃ</strong></span> <span class='ocrx_word' id='word_1_155' title='bbox 2678 1860 3015 1935; x_wconf 86' lang='lat' dir='ltr'>infinitum</span> <span class='ocrx_word' id='word_1_156' title='bbox 3071 1857 3209 1932; x_wconf 68' lang='lat' dir='ltr'>elie.</span> <span class='ocrx_word' id='word_1_157' title='bbox 3314 1859 3439 1930; x_wconf 85' lang='lat' dir='ltr'>Sed</span> <span class='ocrx_word' id='word_1_158' title='bbox 3488 1862 3577 1928; x_wconf 79' lang='lat' dir='ltr'>ita</span> <span class='ocrx_word' id='word_1_159' title='bbox 3632 1863 3854 1954; x_wconf 57' lang='lat' dir='ltr'>arg-crit</span> 
     </span>
     <span class='ocr_line' id='line_1_15' title="bbox 924 1955 3849 2058; baseline -0.004 -17"><span class='ocrx_word' id='word_1_160' title='bbox 924 1963 1349 2057; x_wconf 83' lang='lat' dir='ltr'>Philosophus</span> <span class='ocrx_word' id='word_1_161' title='bbox 1406 1984 1425 2032; x_wconf 76' lang='lat' dir='ltr'>t</span> <span class='ocrx_word' id='word_1_162' title='bbox 1481 1961 1918 2033; x_wconf 84' lang='lat' dir='ltr'>Momentum</span> <span class='ocrx_word' id='word_1_163' title='bbox 1951 1962 2189 2058; x_wconf 88' lang='lat' dir='ltr'>copula</span> <span class='ocrx_word' id='word_1_164' title='bbox 2224 1961 2315 2034; x_wconf 89' lang='lat' dir='ltr'>est</span> <span class='ocrx_word' id='word_1_165' title='bbox 2358 1963 2676 2057; x_wconf 83' lang='lat' dir='ltr'>praeteriti</span> <span class='ocrx_word' id='word_1_166' title='bbox 2717 1963 2781 2034; x_wconf 72' lang='grc' dir='ltr'>ἃ</span> <span class='ocrx_word' id='word_1_167' title='bbox 2819 1959 3025 2045; x_wconf 81' lang='lat' dir='ltr'>futuri</span> <span class='ocrx_word' id='word_1_168' title='bbox 3051 1989 3076 2043; x_wconf 88' lang='lat'>‚-</span> <span class='ocrx_word' id='word_1_169' title='bbox 3105 1955 3156 2028; x_wconf 90' lang='lat' dir='ltr'><strong>fi</strong></span> <span class='ocrx_word' id='word_1_170' title='bbox 3179 1961 3306 2030; x_wconf 88' lang='lat' dir='ltr'>hoc</span> <span class='ocrx_word' id='word_1_171' title='bbox 3328 2006 3352 2042; x_wconf 90' lang='lat'>‚</span> <span class='ocrx_word' id='word_1_172' title='bbox 3390 1958 3523 2047; x_wconf 83' lang='lat' dir='ltr'>jam</span> <span class='ocrx_word' id='word_1_173' title='bbox 3554 1961 3849 2050; x_wconf 74' lang='lat' dir='ltr'>primum</span> 
     </span>
     <span class='ocr_line' id='line_1_16' title="bbox 926 2055 3848 2161; baseline -0.003 -26"><span class='ocrx_word' id='word_1_174' title='bbox 926 2080 1347 2161; x_wconf 67' lang='lat' dir='ltr'>momentum</span> <span class='ocrx_word' id='word_1_175' title='bbox 1392 2058 1647 2131; x_wconf 88' lang='lat' dir='ltr'>nullum</span> <span class='ocrx_word' id='word_1_176' title='bbox 1673 2108 1696 2145; x_wconf 90' lang='lat'>,</span> <span class='ocrx_word' id='word_1_177' title='bbox 1732 2059 1914 2150; x_wconf 90' lang='lat' dir='ltr'>quod</span> <span class='ocrx_word' id='word_1_178' title='bbox 1950 2085 2088 2134; x_wconf 90' lang='lat' dir='ltr'>non</span> <span class='ocrx_word' id='word_1_179' title='bbox 2136 2064 2549 2155; x_wconf 78' lang='lat' dir='ltr'>praeterinun</span> <span class='ocrx_word' id='word_1_180' title='bbox 2599 2055 2921 2155; x_wconf 83' lang='lat' dir='ltr'>praeccffit</span> <span class='ocrx_word' id='word_1_181' title='bbox 2944 2110 2969 2146; x_wconf 91' lang='lat'>,</span> <span class='ocrx_word' id='word_1_182' title='bbox 3023 2082 3237 2149; x_wconf 88' lang='lat' dir='ltr'>neque</span> <span class='ocrx_word' id='word_1_183' title='bbox 3277 2056 3589 2146; x_wconf 79' lang='lat' dir='ltr'>ultimum</span> <span class='ocrx_word' id='word_1_184' title='bbox 3606 2108 3627 2141; x_wconf 88' lang='lat'><em>‚</em></span> <span class='ocrx_word' id='word_1_185' title='bbox 3665 2056 3848 2149; x_wconf 89' lang='lat' dir='ltr'>quod</span> 
     </span>
     <span class='ocr_line' id='line_1_17' title="bbox 927 2152 3848 2254; baseline -0.002 -20"><span class='ocrx_word' id='word_1_186' title='bbox 927 2187 1066 2234; x_wconf 88' lang='lat' dir='ltr'>non</span> <span class='ocrx_word' id='word_1_187' title='bbox 1088 2160 1389 2231; x_wconf 85' lang='lat' dir='ltr'>futurum</span> <span class='ocrx_word' id='word_1_188' title='bbox 1439 2153 1757 2248; x_wconf 87' lang='lat' dir='ltr'>sequetur.</span> <span class='ocrx_word' id='word_1_189' title='bbox 1833 2156 1938 2230; x_wconf 90' lang='lat' dir='ltr'>En</span> <span class='ocrx_word' id='word_1_190' title='bbox 1984 2183 2141 2252; x_wconf 84' lang='lat' dir='ltr'>ergo</span> <span class='ocrx_word' id='word_1_191' title='bbox 2183 2157 2305 2232; x_wconf 88' lang='lat' dir='ltr'>tibi</span> <span class='ocrx_word' id='word_1_192' title='bbox 2356 2180 2619 2254; x_wconf 88' lang='lat' dir='ltr'>tempus</span> <span class='ocrx_word' id='word_1_193' title='bbox 2670 2152 3010 2230; x_wconf 84' lang='lat' dir='ltr'>infinitum</span> <span class='ocrx_word' id='word_1_194' title='bbox 3063 2159 3080 2227; x_wconf 69' lang='grc' dir='ltr'>ἔ</span> <span class='ocrx_word' id='word_1_195' title='bbox 3127 2152 3618 2248; x_wconf 79' lang='lat' dir='ltr'>¹Argumentum</span> <span class='ocrx_word' id='word_1_196' title='bbox 3650 2206 3676 2240; x_wconf 90' lang='lat'><em>,</em></span> <span class='ocrx_word' id='word_1_197' title='bbox 3741 2180 3848 2227; x_wconf 91' lang='lat' dir='ltr'>cu-</span> 
     </span>
     <span class='ocr_line' id='line_1_18' title="bbox 926 2249 3853 2351; baseline -0.001 -24"><span class='ocrx_word' id='word_1_198' title='bbox 926 2257 1031 2351; x_wconf 84' lang='lat' dir='ltr'>jus</span> <span class='ocrx_word' id='word_1_199' title='bbox 1078 2282 1204 2348; x_wconf 88' lang='lat' dir='ltr'>ope</span> <span class='ocrx_word' id='word_1_200' title='bbox 1254 2251 1510 2346; x_wconf 88' lang='lat' dir='ltr'>quidvis</span> <span class='ocrx_word' id='word_1_201' title='bbox 1540 2251 1873 2327; x_wconf 87' lang='lat' dir='ltr'>infinitum</span> <span class='ocrx_word' id='word_1_202' title='bbox 1894 2254 2147 2328; x_wconf 80' lang='lat' dir='ltr'>faciam.</span> <span class='ocrx_word' id='word_1_203' title='bbox 2249 2259 2458 2328; x_wconf 88' lang='lat' dir='ltr'>Hunc</span> <span class='ocrx_word' id='word_1_204' title='bbox 2484 2255 2915 2330; x_wconf 85' lang='lat' dir='ltr'>vermiculum</span> <span class='ocrx_word' id='word_1_205' title='bbox 2956 2249 3333 2331; x_wconf 80' lang='lat' dir='ltr'>confidera3</span> <span class='ocrx_word' id='word_1_206' title='bbox 3407 2276 3563 2323; x_wconf 90' lang='lat' dir='ltr'>eum</span> <span class='ocrx_word' id='word_1_207' title='bbox 3635 2250 3687 2324; x_wconf 88' lang='lat' dir='ltr'><strong>fi</strong></span> <span class='ocrx_word' id='word_1_208' title='bbox 3737 2277 3853 2325; x_wconf 76' lang='lat' dir='ltr'>ve-</span> 
     </span>
     <span class='ocr_line' id='line_1_19' title="bbox 929 2345 3846 2444; baseline -0.001 -17"><span class='ocrx_word' id='word_1_209' title='bbox 929 2355 1006 2427; x_wconf 92' lang='lat' dir='ltr'>lis</span> <span class='ocrx_word' id='word_1_210' title='bbox 1028 2404 1052 2442; x_wconf 90' lang='lat'>‚</span> <span class='ocrx_word' id='word_1_211' title='bbox 1130 2345 1463 2426; x_wconf 78' lang='lat' dir='ltr'>infinitum</span> <span class='ocrx_word' id='word_1_212' title='bbox 1504 2348 1626 2420; x_wconf 90' lang='lat' dir='ltr'>tibi</span> <span class='ocrx_word' id='word_1_213' title='bbox 1679 2349 1875 2422; x_wconf 83' lang='lat' dir='ltr'>dabo.</span> <span class='ocrx_word' id='word_1_214' title='bbox 1959 2352 2471 2444; x_wconf 86' lang='lat' dir='ltr'>Longitudinem</span> <span class='ocrx_word' id='word_1_215' title='bbox 2500 2403 2526 2439; x_wconf 89' lang='lat'>,</span> <span class='ocrx_word' id='word_1_216' title='bbox 2572 2352 2983 2425; x_wconf 88' lang='lat' dir='ltr'>latitudinem</span> <span class='ocrx_word' id='word_1_217' title='bbox 3007 2402 3033 2439; x_wconf 89' lang='lat'>‚</span> <span class='ocrx_word' id='word_1_218' title='bbox 3078 2347 3424 2424; x_wconf 68' lang='lat' dir='ltr'>cmffitiem</span> <span class='ocrx_word' id='word_1_219' title='bbox 3460 2351 3629 2423; x_wconf 79' lang='lat' dir='ltr'>linea</span> <span class='ocrx_word' id='word_1_220' title='bbox 3654 2376 3846 2423; x_wconf 84' lang='lat' dir='ltr'>men-</span> 
     </span>
     <span class='ocr_line' id='line_1_20' title="bbox 932 2440 3842 2544; baseline -0.001 -18"><span class='ocrx_word' id='word_1_221' title='bbox 932 2453 1135 2527; x_wconf 85' lang='lat' dir='ltr'>surari</span> <span class='ocrx_word' id='word_1_222' title='bbox 1167 2446 1393 2521; x_wconf 79' lang='lat' dir='ltr'>afferis.</span> <span class='ocrx_word' id='word_1_223' title='bbox 1512 2448 1604 2521; x_wconf 77' lang='lat' dir='ltr'>At</span> <span class='ocrx_word' id='word_1_224' title='bbox 1658 2448 1803 2521; x_wconf 81' lang='lat' dir='ltr'>haec</span> <span class='ocrx_word' id='word_1_225' title='bbox 1840 2440 1930 2519; x_wconf 87' lang='lat' dir='ltr'>est</span> <span class='ocrx_word' id='word_1_226' title='bbox 1979 2445 2252 2521; x_wconf 83' lang='lat' dir='ltr'>infinita.</span> <span class='ocrx_word' id='word_1_227' title='bbox 2341 2450 2547 2538; x_wconf 72' lang='lat' dir='ltr'>Quod</span> <span class='ocrx_word' id='word_1_228' title='bbox 2602 2446 2653 2520; x_wconf 90' lang='lat' dir='ltr'>fi</span> <span class='ocrx_word' id='word_1_229' title='bbox 2682 2451 2857 2521; x_wconf 89' lang='lat' dir='ltr'>enim</span> <span class='ocrx_word' id='word_1_230' title='bbox 2906 2452 3229 2544; x_wconf 56' lang='lat' dir='ltr'>punitum</span> <span class='ocrx_word' id='word_1_231' title='bbox 3274 2448 3513 2542; x_wconf 90' lang='lat' dir='ltr'>copula</span> <span class='ocrx_word' id='word_1_232' title='bbox 3557 2448 3654 2521; x_wconf 89' lang='lat' dir='ltr'>est</span> <span class='ocrx_word' id='word_1_233' title='bbox 3695 2474 3842 2543; x_wconf 84' lang='lat' dir='ltr'>par-</span> 
     </span>
     <span class='ocr_line' id='line_1_21' title="bbox 934 2539 3848 2641; baseline -0.002 -15"><span class='ocrx_word' id='word_1_234' title='bbox 934 2553 1105 2626; x_wconf 87' lang='lat' dir='ltr'>tium</span> <span class='ocrx_word' id='word_1_235' title='bbox 1144 2549 1335 2620; x_wconf 84' lang='lat' dir='ltr'>lineae</span> <span class='ocrx_word' id='word_1_236' title='bbox 1363 2596 1387 2637; x_wconf 83' lang='lat'><strong>,</strong></span> <span class='ocrx_word' id='word_1_237' title='bbox 1439 2549 1730 2641; x_wconf 87' lang='lat' dir='ltr'>primum</span> <span class='ocrx_word' id='word_1_238' title='bbox 1773 2539 1822 2617; x_wconf 86' lang='lat' dir='ltr'>fi</span> <span class='ocrx_word' id='word_1_239' title='bbox 1877 2564 2065 2641; x_wconf 88' lang='lat' dir='ltr'>potes</span> <span class='ocrx_word' id='word_1_240' title='bbox 2111 2548 2436 2640; x_wconf 64' lang='lat' dir='ltr'>puncium</span> <span class='ocrx_word' id='word_1_241' title='bbox 2479 2548 2740 2635; x_wconf 86' lang='lat' dir='ltr'>inveni,</span> <span class='ocrx_word' id='word_1_242' title='bbox 2779 2546 3057 2620; x_wconf 50' lang='lat' dir='ltr'>*nullum</span> <span class='ocrx_word' id='word_1_243' title='bbox 3102 2546 3346 2641; x_wconf 91' lang='lat' dir='ltr'>poteris</span> <span class='ocrx_word' id='word_1_244' title='bbox 3372 2596 3399 2641; x_wconf 63' lang='lat'><em>2</em></span> <span class='ocrx_word' id='word_1_245' title='bbox 3442 2548 3511 2619; x_wconf 92' lang='lat' dir='ltr'>id</span> <span class='ocrx_word' id='word_1_246' title='bbox 3535 2547 3671 2633; x_wconf 87' lang='lat' dir='ltr'>est,</span> <span class='ocrx_word' id='word_1_247' title='bbox 3699 2547 3848 2619; x_wconf 87' lang='lat' dir='ltr'>nul·</span> 
     </span>
     <span class='ocr_line' id='line_1_22' title="bbox 935 2643 3869 2741; baseline -0.002 -20"><span class='ocrx_word' id='word_1_248' title='bbox 935 2651 1068 2727; x_wconf 84' lang='lat' dir='ltr'>lam</span> <span class='ocrx_word' id='word_1_249' title='bbox 1127 2646 1430 2741; x_wconf 86' lang='lat' dir='ltr'>copulam</span> <span class='ocrx_word' id='word_1_250' title='bbox 1456 2696 1478 2733; x_wconf 88' lang='lat'>‚</span> <span class='ocrx_word' id='word_1_251' title='bbox 1529 2665 1729 2737; x_wconf 85' lang='lat' dir='ltr'>quam</span> <span class='ocrx_word' id='word_1_252' title='bbox 1777 2669 1915 2717; x_wconf 88' lang='lat' dir='ltr'>non</span> <span class='ocrx_word' id='word_1_253' title='bbox 1970 2646 2298 2739; x_wconf 75' lang='lat' dir='ltr'>praecedat</span> <span class='ocrx_word' id='word_1_254' title='bbox 2349 2643 2485 2719; x_wconf 83' lang='lat' dir='ltr'>five</span> <span class='ocrx_word' id='word_1_255' title='bbox 2531 2647 2833 2741; x_wconf 86' lang='lat' dir='ltr'>sequatur</span> <span class='ocrx_word' id='word_1_256' title='bbox 2882 2647 3071 2719; x_wconf 85' lang='lat' dir='ltr'>lineae</span> <span class='ocrx_word' id='word_1_257' title='bbox 3098 2670 3263 2739; x_wconf 85' lang='lat' dir='ltr'>pars.</span> <span class='ocrx_word' id='word_1_258' title='bbox 3346 2646 3475 2718; x_wconf 89' lang='lat' dir='ltr'>Sed</span> <span class='ocrx_word' id='word_1_259' title='bbox 3511 2647 3573 2717; x_wconf 77' lang='grc' dir='ltr'>δι</span> <span class='ocrx_word' id='word_1_260' title='bbox 3619 2644 3869 2738; x_wconf 40' lang='lat' dir='ltr'>supet(</span> 
     </span>
     <span class='ocr_line' id='line_1_23' title="bbox 938 2740 3843 2840; baseline -0.005 -19"><span class='ocrx_word' id='word_1_261' title='bbox 938 2746 1116 2821; x_wconf 80' lang='lat' dir='ltr'>ficies</span> <span class='ocrx_word' id='word_1_262' title='bbox 1166 2741 1425 2819; x_wconf 86' lang='lat' dir='ltr'>infinita</span> <span class='ocrx_word' id='word_1_263' title='bbox 1478 2741 1587 2816; x_wconf 88' lang='lat' dir='ltr'>est.</span> <span class='ocrx_word' id='word_1_264' title='bbox 1711 2744 1778 2817; x_wconf 91' lang='lat' dir='ltr'>Si</span> <span class='ocrx_word' id='word_1_265' title='bbox 1796 2743 1974 2817; x_wconf 87' lang='lat' dir='ltr'>enim</span> <span class='ocrx_word' id='word_1_266' title='bbox 2015 2743 2251 2815; x_wconf 85' lang='lat' dir='ltr'>lineam</span> <span class='ocrx_word' id='word_1_267' title='bbox 2295 2747 2796 2840; x_wconf 83' lang='lat' dir='ltr'>pronuntiamus</span> <span class='ocrx_word' id='word_1_268' title='bbox 2822 2740 2940 2817; x_wconf 81' lang='lat' dir='ltr'>effe</span> <span class='ocrx_word' id='word_1_269' title='bbox 2983 2744 3283 2839; x_wconf 78' lang='lat' dir='ltr'>copulam</span> <span class='ocrx_word' id='word_1_270' title='bbox 3310 2747 3598 2839; x_wconf 87' lang='lat' dir='ltr'>partium</span> <span class='ocrx_word' id='word_1_271' title='bbox 3626 2743 3843 2839; x_wconf 80' lang='lat' dir='ltr'>super.</span> 
     </span>
     <span class='ocr_line' id='line_1_24' title="bbox 936 2834 3849 2939; baseline -0.001 -21"><span class='ocrx_word' id='word_1_272' title='bbox 936 2842 1105 2918; x_wconf 86' lang='lat' dir='ltr'>ficiei</span> <span class='ocrx_word' id='word_1_273' title='bbox 1135 2894 1159 2930; x_wconf 81' lang='lat'>‚</span> <span class='ocrx_word' id='word_1_274' title='bbox 1218 2865 1340 2915; x_wconf 89' lang='lat' dir='ltr'>nec</span> <span class='ocrx_word' id='word_1_275' title='bbox 1387 2844 1801 2936; x_wconf 76' lang='lat' dir='ltr'>incipientem</span> <span class='ocrx_word' id='word_1_276' title='bbox 1830 2834 2391 2928; x_wconf 32' lang='lat' dir='ltr'>nec-desinentem</span> <span class='ocrx_word' id='word_1_277' title='bbox 2440 2846 2754 2939; x_wconf 84' lang='lat' dir='ltr'>reperies,</span> <span class='ocrx_word' id='word_1_278' title='bbox 2805 2845 2902 2916; x_wconf 90' lang='lat' dir='ltr'>uti</span> <span class='ocrx_word' id='word_1_279' title='bbox 2953 2867 3074 2916; x_wconf 87' lang='lat' dir='ltr'>nec</span> <span class='ocrx_word' id='word_1_280' title='bbox 3115 2840 3527 2935; x_wconf 71' lang='lat' dir='ltr'>superficiem</span> <span class='ocrx_word' id='word_1_281' title='bbox 3567 2892 3594 2930; x_wconf 86' lang='lat'>,</span> <span class='ocrx_word' id='word_1_282' title='bbox 3640 2839 3692 2915; x_wconf 86' lang='lat' dir='ltr'><strong>fi</strong></span> <span class='ocrx_word' id='word_1_283' title='bbox 3740 2843 3849 2915; x_wconf 85' lang='lat' dir='ltr'>illa</span> 
     </span>
     <span class='ocr_line' id='line_1_25' title="bbox 938 2938 3849 3036; baseline 0 -22"><span class='ocrx_word' id='word_1_284' title='bbox 938 2941 1226 3032; x_wconf 88' lang='lat' dir='ltr'>corporis</span> <span class='ocrx_word' id='word_1_285' title='bbox 1266 2942 1553 3033; x_wconf 86' lang='lat' dir='ltr'>partium</span> <span class='ocrx_word' id='word_1_286' title='bbox 1600 2940 1832 3032; x_wconf 89' lang='lat' dir='ltr'>copula</span> <span class='ocrx_word' id='word_1_287' title='bbox 1882 2938 1990 3011; x_wconf 89' lang='lat' dir='ltr'>est.</span> <span class='ocrx_word' id='word_1_288' title='bbox 2061 2940 2164 3011; x_wconf 90' lang='lat' dir='ltr'>En</span> <span class='ocrx_word' id='word_1_289' title='bbox 2191 2968 2348 3036; x_wconf 89' lang='lat' dir='ltr'>ergo</span> <span class='ocrx_word' id='word_1_290' title='bbox 2397 2939 2524 3014; x_wconf 90' lang='lat' dir='ltr'>tibi</span> <span class='ocrx_word' id='word_1_291' title='bbox 2550 2944 2724 3013; x_wconf 89' lang='lat' dir='ltr'>hunc</span> <span class='ocrx_word' id='word_1_292' title='bbox 2748 2941 3181 3015; x_wconf 83' lang='lat' dir='ltr'>vermiculum</span> <span class='ocrx_word' id='word_1_293' title='bbox 3212 2938 3568 3013; x_wconf 87' lang='lat' dir='ltr'>infinitum.</span> <span class='ocrx_word' id='word_1_294' title='bbox 3640 2942 3849 3014; x_wconf 83' lang='lat' dir='ltr'>Nulla</span> 
     </span>
     <span class='ocr_line' id='line_1_26' title="bbox 937 3034 3848 3135; baseline -0.001 -22"><span class='ocrx_word' id='word_1_295' title='bbox 937 3035 1133 3113; x_wconf 84' lang='lat' dir='ltr'>nobis</span> <span class='ocrx_word' id='word_1_296' title='bbox 1174 3056 1357 3130; x_wconf 86' lang='lat' dir='ltr'>patet</span> <span class='ocrx_word' id='word_1_297' title='bbox 1392 3038 1559 3109; x_wconf 86' lang='lat' dir='ltr'>rima</span> <span class='ocrx_word' id='word_1_298' title='bbox 1590 3086 1615 3125; x_wconf 87' lang='lat'>‚</span> <span class='ocrx_word' id='word_1_299' title='bbox 1663 3034 1786 3109; x_wconf 84' lang='lat' dir='ltr'>nifi</span> <span class='ocrx_word' id='word_1_300' title='bbox 1811 3036 2139 3109; x_wconf 66' lang='lat' dir='ltr'>‘audacter</span> <span class='ocrx_word' id='word_1_301' title='bbox 2196 3063 2506 3135; x_wconf 83' lang='lat' dir='ltr'>negemus</span> <span class='ocrx_word' id='word_1_302' title='bbox 2528 3088 2563 3126; x_wconf 79' lang='lat'>.‚</span> <span class='ocrx_word' id='word_1_303' title='bbox 2616 3061 2847 3111; x_wconf 91' lang='lat' dir='ltr'>omnes</span> <span class='ocrx_word' id='word_1_304' title='bbox 2873 3035 3258 3134; x_wconf 87' lang='lat' dir='ltr'>superficies,</span> <span class='ocrx_word' id='word_1_305' title='bbox 3306 3039 3544 3126; x_wconf 83' lang='lat' dir='ltr'>lineas,</span> <span class='ocrx_word' id='word_1_306' title='bbox 3569 3042 3848 3132; x_wconf 65' lang='lat' dir='ltr'>puncta,</span> 
     </span>
     <span class='ocr_line' id='line_1_27' title="bbox 940 3129 3852 3233; baseline -0.001 -23"><span class='ocrx_word' id='word_1_307' title='bbox 940 3153 1281 3212; x_wconf 84' lang='lat' dir='ltr'>momenta</span> <span class='ocrx_word' id='word_1_308' title='bbox 1304 3186 1329 3225; x_wconf 88' lang='lat'><em>‚</em></span> <span class='ocrx_word' id='word_1_309' title='bbox 1385 3138 1669 3228; x_wconf 87' lang='lat' dir='ltr'>partium</span> <span class='ocrx_word' id='word_1_310' title='bbox 1703 3131 1822 3207; x_wconf 84' lang='lat' dir='ltr'>effe</span> <span class='ocrx_word' id='word_1_311' title='bbox 1869 3135 2131 3228; x_wconf 85' lang='lat' dir='ltr'>copulas</span> <span class='ocrx_word' id='word_1_312' title='bbox 2177 3165 2208 3220; x_wconf 56' lang='grc' dir='ltr'><strong><em>ς</em></strong></span> <span class='ocrx_word' id='word_1_313' title='bbox 2259 3135 2364 3209; x_wconf 89' lang='lat' dir='ltr'>sed</span> <span class='ocrx_word' id='word_1_314' title='bbox 2410 3138 2483 3209; x_wconf 88' lang='lat' dir='ltr'>in</span> <span class='ocrx_word' id='word_1_315' title='bbox 2550 3161 2824 3231; x_wconf 89' lang='lat' dir='ltr'>corpore</span> <span class='ocrx_word' id='word_1_316' title='bbox 2905 3129 3312 3232; x_wconf 88' lang='lat' dir='ltr'>superficiem</span> <span class='ocrx_word' id='word_1_317' title='bbox 3368 3134 3739 3233; x_wconf 84' lang='lat' dir='ltr'>supremam</span> <span class='ocrx_word' id='word_1_318' title='bbox 3787 3139 3852 3208; x_wconf 77' lang='grc' dir='ltr'>δι</span> 
     </span>
     <span class='ocr_line' id='line_1_28' title="bbox 939 3229 3989 3336; baseline 0 -28"><span class='ocrx_word' id='word_1_319' title='bbox 939 3231 1241 3336; x_wconf 84' lang='lat' dir='ltr'>infimam</span> <span class='ocrx_word' id='word_1_320' title='bbox 1266 3283 1291 3321; x_wconf 86' lang='lat'>,</span> <span class='ocrx_word' id='word_1_321' title='bbox 1341 3233 1411 3305; x_wconf 92' lang='lat' dir='ltr'>in</span> <span class='ocrx_word' id='word_1_322' title='bbox 1447 3229 1789 3328; x_wconf 30' lang='lat' dir='ltr'>,superficie</span> <span class='ocrx_word' id='word_1_323' title='bbox 1831 3229 2068 3305; x_wconf 88' lang='lat' dir='ltr'>lineam</span> <span class='ocrx_word' id='word_1_324' title='bbox 2114 3235 2531 3331; x_wconf 89' lang='lat' dir='ltr'>incipientem</span> <span class='ocrx_word' id='word_1_325' title='bbox 2568 3237 2634 3308; x_wconf 68' lang='grc' dir='ltr'>ἃ.</span> <span class='ocrx_word' id='word_1_326' title='bbox 2668 3230 3005 3309; x_wconf 85' lang='lat' dir='ltr'>finientem</span> <span class='ocrx_word' id='word_1_327' title='bbox 3038 3287 3072 3324; x_wconf 69' lang='lat' dir='ltr'>r</span> <span class='ocrx_word' id='word_1_328' title='bbox 3114 3236 3183 3307; x_wconf 90' lang='lat' dir='ltr'>in</span> <span class='ocrx_word' id='word_1_329' title='bbox 3229 3234 3400 3307; x_wconf 86' lang='lat' dir='ltr'>linea</span> <span class='ocrx_word' id='word_1_330' title='bbox 3423 3235 3558 3310; x_wconf 93' lang='lat' dir='ltr'>duo</span> <span class='ocrx_word' id='word_1_331' title='bbox 3600 3236 3857 3331; x_wconf 63' lang='lat' dir='ltr'>puncta</span> <span class='ocrx_word' id='word_1_332' title='bbox 3974 3229 3989 3239; x_wconf 73' lang='grc'><strong>’</strong></span> 
     </span>
     <span class='ocr_line' id='line_1_29' title="bbox 947 3329 3428 3430; baseline -0 -21"><span class='ocrx_word' id='word_1_333' title='bbox 947 3356 1284 3423; x_wconf 70' lang='lat' dir='ltr'>extrema,</span> <span class='ocrx_word' id='word_1_334' title='bbox 1339 3333 1411 3407; x_wconf 91' lang='lat' dir='ltr'>in</span> <span class='ocrx_word' id='word_1_335' title='bbox 1466 3351 1766 3430; x_wconf 73' lang='lat' dir='ltr'>tempore</span> <span class='ocrx_word' id='word_1_336' title='bbox 1804 3350 2225 3406; x_wconf 81' lang='lat' dir='ltr'>momentum</span> <span class='ocrx_word' id='word_1_337' title='bbox 2279 3334 2570 3429; x_wconf 86' lang='lat' dir='ltr'>primum</span> <span class='ocrx_word' id='word_1_338' title='bbox 2603 3333 2670 3408; x_wconf 85' lang='lat'>&amp;</span> <span class='ocrx_word' id='word_1_339' title='bbox 2716 3334 3025 3409; x_wconf 87' lang='lat' dir='ltr'>ultimum</span> <span class='ocrx_word' id='word_1_340' title='bbox 3069 3329 3428 3409; x_wconf 82' lang='lat' dir='ltr'>afferamus.</span> 
     </span>
    </p>
   </div>
   <div class='ocr_carea' id='block_1_5' title="bbox 2024 3529 2778 3628">
    <p class='ocr_par' dir='ltr' id='par_1_5' title="bbox 2024 3475 2778 3628">
     <span class='ocr_line' id='line_1_30' title="bbox 2024 3529 2778 3628; baseline -0.003 -20"><span class='ocrx_word' id='word_1_341' title='bbox 2024 3531 2318 3628; x_wconf 66' lang='lat' dir='ltr'>Qun</span> <span class='ocrx_word' id='word_1_342' title='bbox 2384 3554 2417 3607; x_wconf 87' lang='lat' dir='ltr'>s</span> <span class='ocrx_word' id='word_1_343' title='bbox 2474 3554 2546 3610; x_wconf 78' lang='grc' dir='ltr'>τ.</span> <span class='ocrx_word' id='word_1_344' title='bbox 2680 3529 2778 3607; x_wconf 83' lang='lat' dir='ltr'>V.</span> 
     </span>
    </p>
   </div>
   <div class='ocr_carea' id='block_1_6' title="bbox 936 3717 3876 4622">
    <p class='ocr_par' dir='ltr' id='par_1_6' title="bbox 936 3717 3876 4622">
     <span class='ocr_line' id='line_1_31' title="bbox 1137 3717 3864 3828; baseline -0.001 -24"><span class='ocrx_word' id='word_1_345' title='bbox 1137 3729 1242 3804; x_wconf 83' lang='lat' dir='ltr'>An</span> <span class='ocrx_word' id='word_1_346' title='bbox 1282 3725 1542 3823; x_wconf 80' lang='lat' dir='ltr'>tempus</span> <span class='ocrx_word' id='word_1_347' title='bbox 1580 3723 1707 3801; x_wconf 64' lang='lat' dir='ltr'>fixit</span> <span class='ocrx_word' id='word_1_348' title='bbox 1746 3744 1898 3801; x_wconf 84' lang='lat' dir='ltr'>ante</span> <span class='ocrx_word' id='word_1_349' title='bbox 1940 3745 2204 3803; x_wconf 88' lang='lat' dir='ltr'>motum</span> <span class='ocrx_word' id='word_1_350' title='bbox 2259 3726 2488 3805; x_wconf 79' lang='lat' dir='ltr'>Solis?</span> <span class='ocrx_word' id='word_1_351' title='bbox 2536 3722 2729 3825; x_wconf 82' lang='lat' dir='ltr'>Resp.</span> <span class='ocrx_word' id='word_1_352' title='bbox 2767 3721 3063 3828; x_wconf 67' lang='lat' dir='ltr'>Tempus</span> <span class='ocrx_word' id='word_1_353' title='bbox 3100 3721 3237 3806; x_wconf 76' lang='lat' dir='ltr'>sine</span> <span class='ocrx_word' id='word_1_354' title='bbox 3282 3745 3475 3804; x_wconf 75' lang='lat' dir='ltr'>nsotu</span> <span class='ocrx_word' id='word_1_355' title='bbox 3524 3717 3641 3801; x_wconf 64' lang='lat' dir='ltr'>elle</span> <span class='ocrx_word' id='word_1_356' title='bbox 3675 3720 3864 3823; x_wconf 60' lang='lat' dir='ltr'>po&amp;</span> 
     </span>
     <span class='ocr_line' id='line_1_32' title="bbox 940 3823 3861 3902; baseline -0 -2"><span class='ocrx_word' id='word_1_357' title='bbox 940 3823 1104 3901; x_wconf 85' lang='lat' dir='ltr'>thefl</span> <span class='ocrx_word' id='word_1_358' title='bbox 1143 3825 1274 3900; x_wconf 88' lang='lat' dir='ltr'>XI</span> <span class='ocrx_word' id='word_1_359' title='bbox 1297 3828 1352 3899; x_wconf 92' lang='lat'>1.</span> <span class='ocrx_word' id='word_1_360' title='bbox 1405 3823 1817 3899; x_wconf 84' lang='lat' dir='ltr'>manifestum</span> <span class='ocrx_word' id='word_1_361' title='bbox 1843 3825 1978 3898; x_wconf 82' lang='lat' dir='ltr'>est..</span> <span class='ocrx_word' id='word_1_362' title='bbox 2029 3827 2157 3899; x_wconf 81' lang='lat' dir='ltr'>Sed</span> <span class='ocrx_word' id='word_1_363' title='bbox 2200 3823 2338 3900; x_wconf 85' lang='lat' dir='ltr'>fine</span> <span class='ocrx_word' id='word_1_364' title='bbox 2389 3848 2580 3902; x_wconf 86' lang='lat' dir='ltr'>motu</span> <span class='ocrx_word' id='word_1_365' title='bbox 2633 3852 2773 3901; x_wconf 91' lang='lat' dir='ltr'>non</span> <span class='ocrx_word' id='word_1_366' title='bbox 2829 3828 3183 3902; x_wconf 83' lang='lat' dir='ltr'>mensurari</span> <span class='ocrx_word' id='word_1_367' title='bbox 3242 3854 3327 3902; x_wconf 86' lang='lat' dir='ltr'>ex</span> <span class='ocrx_word' id='word_1_368' title='bbox 3375 3823 3537 3901; x_wconf 84' lang='lat' dir='ltr'>thefi</span> <span class='ocrx_word' id='word_1_369' title='bbox 3574 3828 3650 3900; x_wconf 88' lang='lat' dir='ltr'>X</span> <span class='ocrx_word' id='word_1_370' title='bbox 3674 3828 3710 3899; x_wconf 94' lang='lat' dir='ltr'>I</span> <span class='ocrx_word' id='word_1_371' title='bbox 3736 3828 3773 3900; x_wconf 93' lang='grc' dir='ltr'>Ι</span> <span class='ocrx_word' id='word_1_372' title='bbox 3801 3827 3861 3899; x_wconf 88' lang='lat' dir='ltr'>L</span> 
     </span>
     <span class='ocr_line' id='line_1_33' title="bbox 939 3920 3871 4023; baseline 0.001 -28"><span class='ocrx_word' id='word_1_373' title='bbox 939 3920 1173 4016; x_wconf 87' lang='lat' dir='ltr'>Itaque</span> <span class='ocrx_word' id='word_1_374' title='bbox 1215 3921 1522 4000; x_wconf 46' lang='lat' dir='ltr'>fidenter*</span> <span class='ocrx_word' id='word_1_375' title='bbox 1551 3923 1825 3994; x_wconf 87' lang='lat' dir='ltr'>dicimus</span> <span class='ocrx_word' id='word_1_376' title='bbox 1881 3940 2034 3996; x_wconf 86' lang='lat' dir='ltr'>ante</span> <span class='ocrx_word' id='word_1_377' title='bbox 2059 3941 2341 4016; x_wconf 15' lang='lat' dir='ltr'>,motum</span> <span class='ocrx_word' id='word_1_378' title='bbox 2390 3949 2852 4020; x_wconf 85' lang='lat' dir='ltr'>quemcunque</span> <span class='ocrx_word' id='word_1_379' title='bbox 2868 3944 3166 4023; x_wconf 53' lang='lat' dir='ltr'>xtempus</span> <span class='ocrx_word' id='word_1_380' title='bbox 3212 3923 3416 4000; x_wconf 82' lang='lat' dir='ltr'>fuiffe.</span> <span class='ocrx_word' id='word_1_381' title='bbox 3545 3927 3737 4020; x_wconf 86' lang='lat' dir='ltr'>Torq</span> <span class='ocrx_word' id='word_1_382' title='bbox 3748 3944 3871 3998; x_wconf 80' lang='lat' dir='ltr'>uec</span> 
     </span>
     <span class='ocr_line' id='line_1_34' title="bbox 939 4015 3875 4120; baseline 0.002 -29"><span class='ocrx_word' id='word_1_383' title='bbox 939 4020 1085 4091; x_wconf 80' lang='lat' dir='ltr'>hacc</span> <span class='ocrx_word' id='word_1_384' title='bbox 1133 4015 1488 4091; x_wconf 74' lang='lat' dir='ltr'>difficultas</span> <span class='ocrx_word' id='word_1_385' title='bbox 1522 4020 1811 4118; x_wconf 82' lang='lat' dir='ltr'>eruditos</span> <span class='ocrx_word' id='word_1_386' title='bbox 1834 4068 1859 4106; x_wconf 89' lang='lat'>‚</span> <span class='ocrx_word' id='word_1_387' title='bbox 1917 4019 2100 4110; x_wconf 90' lang='lat' dir='ltr'>quod</span> <span class='ocrx_word' id='word_1_388' title='bbox 2147 4020 2280 4093; x_wconf 86' lang='lat' dir='ltr'>dies</span> <span class='ocrx_word' id='word_1_389' title='bbox 2306 4041 2436 4095; x_wconf 86' lang='lat' dir='ltr'>tres</span> <span class='ocrx_word' id='word_1_390' title='bbox 2456 4017 2773 4099; x_wconf 83' lang='lat' dir='ltr'>effluxifl&#39;e</span> <span class='ocrx_word' id='word_1_391' title='bbox 2799 4024 2973 4097; x_wconf 86' lang='lat' dir='ltr'>dicat</span> <span class='ocrx_word' id='word_1_392' title='bbox 3021 4027 3083 4099; x_wconf 89' lang='lat' dir='ltr'>S.</span> <span class='ocrx_word' id='word_1_393' title='bbox 3112 4026 3443 4120; x_wconf 85' lang='lat' dir='ltr'>Scriptura</span> <span class='ocrx_word' id='word_1_394' title='bbox 3486 4044 3638 4097; x_wconf 90' lang='lat' dir='ltr'>ante</span> <span class='ocrx_word' id='word_1_395' title='bbox 3684 4048 3875 4097; x_wconf 88' lang='lat' dir='ltr'>crea-</span> 
     </span>
     <span class='ocr_line' id='line_1_35' title="bbox 938 4115 3874 4209; baseline 0.002 -19"><span class='ocrx_word' id='word_1_396' title='bbox 938 4117 1191 4191; x_wconf 78' lang='lat' dir='ltr'>tionem</span> <span class='ocrx_word' id='word_1_397' title='bbox 1240 4115 1677 4189; x_wconf 83' lang='lat' dir='ltr'>luminarium.</span> <span class='ocrx_word' id='word_1_398' title='bbox 1779 4118 2180 4207; x_wconf 84' lang='lat' dir='ltr'>&#39;Qomodo</span> <span class='ocrx_word' id='word_1_399' title='bbox 2227 4119 2362 4194; x_wconf 84' lang='lat' dir='ltr'>dies</span> <span class='ocrx_word' id='word_1_400' title='bbox 2385 4171 2410 4209; x_wconf 88' lang='lat'>,</span> <span class='ocrx_word' id='word_1_401' title='bbox 2458 4146 2616 4197; x_wconf 87' lang='lat' dir='ltr'>cum</span> <span class='ocrx_word' id='word_1_402' title='bbox 2673 4120 2977 4197; x_wconf 84' lang='lat' dir='ltr'>nondum</span> <span class='ocrx_word' id='word_1_403' title='bbox 3022 4121 3267 4197; x_wconf 76' lang='lat' dir='ltr'>fuerint</span> <span class='ocrx_word' id='word_1_404' title='bbox 3299 4122 3463 4196; x_wconf 86' lang='lat' dir='ltr'>astra</span> <span class='ocrx_word' id='word_1_405' title='bbox 3500 4122 3628 4195; x_wconf 87' lang='lat' dir='ltr'>diei</span> <span class='ocrx_word' id='word_1_406' title='bbox 3673 4146 3874 4195; x_wconf 80' lang='lat' dir='ltr'>men·</span> 
     </span>
     <span class='ocr_line' id='line_1_36' title="bbox 937 4209 3875 4320; baseline 0.004 -35"><span class='ocrx_word' id='word_1_407' title='bbox 937 4212 1085 4320; x_wconf 77' lang='lat' dir='ltr'>sura</span> <span class='ocrx_word' id='word_1_408' title='bbox 1113 4212 1159 4287; x_wconf 68' lang='lat'>‘3&#39;</span> <span class='ocrx_word' id='word_1_409' title='bbox 1230 4212 1465 4300; x_wconf 79' lang='lat' dir='ltr'>Fateor</span> <span class='ocrx_word' id='word_1_410' title='bbox 1481 4264 1505 4302; x_wconf 86' lang='lat'>‚</span> <span class='ocrx_word' id='word_1_411' title='bbox 1548 4209 1601 4286; x_wconf 82' lang='lat' dir='ltr'>fi</span> <span class='ocrx_word' id='word_1_412' title='bbox 1642 4214 1850 4290; x_wconf 89' lang='lat' dir='ltr'>homo</span> <span class='ocrx_word' id='word_1_413' title='bbox 1897 4217 2114 4311; x_wconf 89' lang='lat' dir='ltr'>primo</span> <span class='ocrx_word' id='word_1_414' title='bbox 2156 4217 2261 4292; x_wconf 89' lang='lat' dir='ltr'>die</span> <span class='ocrx_word' id='word_1_415' title='bbox 2312 4217 2463 4296; x_wconf 82' lang='lat' dir='ltr'>effet</span> <span class='ocrx_word' id='word_1_416' title='bbox 2484 4245 2755 4308; x_wconf 18' lang='lat' dir='ltr'>*creatus</span> <span class='ocrx_word' id='word_1_417' title='bbox 2776 4271 2800 4309; x_wconf 90' lang='lat'>‚</span> <span class='ocrx_word' id='word_1_418' title='bbox 2853 4220 2987 4293; x_wconf 85' lang='lat' dir='ltr'>dies</span> <span class='ocrx_word' id='word_1_419' title='bbox 3029 4218 3202 4296; x_wconf 86' lang='lat' dir='ltr'>forte</span> <span class='ocrx_word' id='word_1_420' title='bbox 3255 4221 3397 4293; x_wconf 82' lang='lat' dir='ltr'>illos</span> <span class='ocrx_word' id='word_1_421' title='bbox 3445 4219 3661 4293; x_wconf 81' lang='lat' dir='ltr'>metiri</span> <span class='ocrx_word' id='word_1_422' title='bbox 3710 4246 3875 4295; x_wconf 85' lang='lat' dir='ltr'>non</span> 
     </span>
     <span class='ocr_line' id='line_1_37' title="bbox 936 4307 3876 4413; baseline 0.003 -27"><span class='ocrx_word' id='word_1_423' title='bbox 936 4307 1240 4408; x_wconf 73' lang='lat' dir='ltr'>potuifl&#39;et</span> <span class='ocrx_word' id='word_1_424' title='bbox 1267 4339 1294 4397; x_wconf 77' lang='lat'>,⁶</span> <span class='ocrx_word' id='word_1_425' title='bbox 1353 4307 1462 4385; x_wconf 89' lang='lat' dir='ltr'>sed</span> <span class='ocrx_word' id='word_1_426' title='bbox 1507 4332 1586 4385; x_wconf 84' lang='lat' dir='ltr'>ut</span> <span class='ocrx_word' id='word_1_427' title='bbox 1626 4309 1872 4388; x_wconf 83' lang='lat' dir='ltr'>fuerint</span> <span class='ocrx_word' id='word_1_428' title='bbox 1898 4365 1923 4403; x_wconf 88' lang='lat'>‚</span> <span class='ocrx_word' id='word_1_429' title='bbox 1980 4315 2281 4392; x_wconf 81' lang='lat' dir='ltr'>mensura</span> <span class='ocrx_word' id='word_1_430' title='bbox 2326 4345 2464 4394; x_wconf 88' lang='lat' dir='ltr'>non</span> <span class='ocrx_word' id='word_1_431' title='bbox 2525 4341 2667 4395; x_wconf 84' lang='lat' dir='ltr'>erat</span> <span class='ocrx_word' id='word_1_432' title='bbox 2704 4342 2891 4413; x_wconf 76' lang='lat' dir='ltr'>opus.</span> <span class='ocrx_word' id='word_1_433' title='bbox 2968 4319 3200 4395; x_wconf 85' lang='lat' dir='ltr'>Homo</span> <span class='ocrx_word' id='word_1_434' title='bbox 3228 4323 3432 4391; x_wconf 84' lang='lat' dir='ltr'>trium</span> <span class='ocrx_word' id='word_1_435' title='bbox 3472 4316 3876 4394; x_wconf 85' lang='lat' dir='ltr'>cubitorum</span> 
     </span>
     <span class='ocr_line' id='line_1_38' title="bbox 937 4405 3875 4512; baseline 0.003 -28"><span class='ocrx_word' id='word_1_436' title='bbox 937 4432 1160 4484; x_wconf 88' lang='lat' dir='ltr'>tantus</span> <span class='ocrx_word' id='word_1_437' title='bbox 1209 4405 1375 4496; x_wconf 86' lang='lat' dir='ltr'>fuit,</span> <span class='ocrx_word' id='word_1_438' title='bbox 1423 4412 1723 4507; x_wconf 82' lang='lat' dir='ltr'>quamvis</span> <span class='ocrx_word' id='word_1_439' title='bbox 1762 4437 1886 4509; x_wconf 84' lang='lat' dir='ltr'>ego</span> <span class='ocrx_word' id='word_1_440' title='bbox 1931 4413 2161 4487; x_wconf 87' lang='lat' dir='ltr'>ulnam</span> <span class='ocrx_word' id='word_1_441' title='bbox 2195 4418 2255 4488; x_wconf 89' lang='lat' dir='ltr'>ei</span> <span class='ocrx_word' id='word_1_442' title='bbox 2299 4419 2596 4490; x_wconf 87' lang='lat' dir='ltr'>nondum</span> <span class='ocrx_word' id='word_1_443' title='bbox 2660 4417 3077 4512; x_wconf 84' lang='lat' dir='ltr'>applicuerim</span> <span class='ocrx_word' id='word_1_444' title='bbox 3105 4469 3130 4508; x_wconf 87' lang='lat'>‚</span> <span class='ocrx_word' id='word_1_445' title='bbox 3190 4417 3405 4490; x_wconf 80' lang='lat' dir='ltr'>immo</span> <span class='ocrx_word' id='word_1_446' title='bbox 3445 4417 3694 4492; x_wconf 85' lang='lat' dir='ltr'>nullam</span> <span class='ocrx_word' id='word_1_447' title='bbox 3754 4420 3875 4493; x_wconf 76' lang='lat' dir='ltr'>ha-</span> 
     </span>
     <span class='ocr_line' id='line_1_39' title="bbox 938 4501 3871 4622; baseline 0 -34"><span class='ocrx_word' id='word_1_448' title='bbox 938 4501 1157 4592; x_wconf 71' lang='lat' dir='ltr'>beam.</span> <span class='ocrx_word' id='word_1_449' title='bbox 1249 4509 1519 4622; x_wconf 77' lang='lat' dir='ltr'>Qare,</span> <span class='ocrx_word' id='word_1_450' title='bbox 1562 4531 1643 4593; x_wconf 87' lang='lat' dir='ltr'>ut</span> <span class='ocrx_word' id='word_1_451' title='bbox 1677 4531 1810 4592; x_wconf 77' lang='lat' dir='ltr'>tres</span> <span class='ocrx_word' id='word_1_452' title='bbox 1841 4511 1997 4592; x_wconf 61' lang='lat' dir='ltr'>illoc</span> <span class='ocrx_word' id='word_1_453' title='bbox 2032 4512 2168 4591; x_wconf 75' lang='lat' dir='ltr'>dies</span> <span class='ocrx_word' id='word_1_454' title='bbox 2210 4510 2394 4593; x_wconf 73' lang='lat' dir='ltr'>fuiffo</span> <span class='ocrx_word' id='word_1_455' title='bbox 2449 4515 2866 4612; x_wconf 79' lang='lat' dir='ltr'>intelligam,</span> <span class='ocrx_word' id='word_1_456' title='bbox 2907 4539 3046 4591; x_wconf 89' lang='lat' dir='ltr'>non</span> <span class='ocrx_word' id='word_1_457' title='bbox 3089 4539 3256 4614; x_wconf 79' lang='lat' dir='ltr'>opus</span> <span class='ocrx_word' id='word_1_458' title='bbox 3299 4513 3438 4606; x_wconf 76' lang='lat' dir='ltr'>est,</span> <span class='ocrx_word' id='word_1_459' title='bbox 3472 4535 3551 4590; x_wconf 88' lang='lat' dir='ltr'>ut</span> <span class='ocrx_word' id='word_1_460' title='bbox 3600 4516 3871 4606; x_wconf 84' lang='lat' dir='ltr'>alium,</span> 
     </span>
    </p>
   </div>
   <div class='ocr_carea' id='block_1_7' title="bbox 4149 2296 4153 2879">
    <p class='ocr_par' dir='ltr' id='par_1_7' title="bbox 4149 2296 4153 2879">
     <span class='ocr_line' id='line_1_40' title="bbox 4149 2296 4153 2879; baseline 0 0"><span class='ocrx_word' id='word_1_461' title='bbox 4149 2296 4153 2879; x_wconf 95' lang='lat' dir='ltr'> </span> 
     </span>
    </p>
   </div>
   <div class='ocr_carea' id='block_1_8' title="bbox 4148 2296 4154 3646">
    <p class='ocr_par' dir='ltr' id='par_1_8' title="bbox 4148 2296 4154 3646">
     <span class='ocr_line' id='line_1_41' title="bbox 4148 2296 4154 3646; baseline 0 0"><span class='ocrx_word' id='word_1_462' title='bbox 4148 2296 4154 3646; x_wconf 95' lang='lat' dir='ltr'> </span> 
     </span>
    </p>
   </div>
   <div class='ocr_carea' id='block_1_9' title="bbox 3713 4569 4041 4690">
    <p class='ocr_par' dir='ltr' id='par_1_9' title="bbox 3713 4569 4041 4690">
     <span class='ocr_line' id='line_1_42' title="bbox 3713 4569 4041 4690; baseline -0.003 0"><span class='ocrx_word' id='word_1_463' title='bbox 3713 4611 3876 4690; x_wconf 76' lang='lat' dir='ltr'>five</span> <span class='ocrx_word' id='word_1_464' title='bbox 3980 4569 4041 4630; x_wconf 33' lang='lat'>&#39;-</span> 
     </span>
    </p>
   </div>
  </div>
 </body>
</html>
