4188 5670
965 383 1119 444 τεο
1681 355 1860 431 De
1993 331 3133 425 Sur‘zn'str‘rzicnn

967 567 1049 616 ex
1102 555 1249 612 cute
1289 532 1820 631 exprimendum:
1916 531 2142 604 Nexus
2186 525 2289 597 hic
2325 523 2494 601 inter
2554 499 2832 622 cauffam
2866 494 3306 601 effectumque
3350 526 3546 579 verus
3581 492 3848 598 qnideffl

963 642 1223 712 videtur
1246 687 1271 725 ‚
1341 655 1409 708 at
1441 635 1773 733 generalior
1825 627 1933 702 est.
2035 624 2360 728 Nondum
2406 625 2512 717 hic
2560 614 2903 709 acquiescit
2940 611 3109 706 ratio
3137 636 3169 700 ²„
3201 607 3477 721 quaerit,
3538 628 3843 697 quaenam

962 738 1068 811 illa
1123 739 1189 807 &
1234 731 1445 827 qualia
1492 731 1620 805 sint
1661 723 1933 807 effluvia
1968 748 2051 796 ex
2090 746 2363 816 corpore
2414 718 2550 792 felis
2600 710 2987 810 prodeuntia
3013 755 3038 795 ,
3081 708 3281 800 quahs
3322 726 3553 775 eorum
3597 723 3847 788 motus,

961 834 1304 928 quomodo
1349 829 1592 926 pellant
1646 824 1847 900 fibras
1883 839 2239 898 nervorum
2268 871 2292 907 ‚
2352 819 2496 909 quis
2538 834 2757 886 motus
2792 813 3038 884 oriatur
3082 807 3151 878 in
3192 799 3461 875 cerebro
3500 801 3702 911 hujus
3740 802 3848 873 ho·

931 934 1151 1005 -minis
1177 979 1201 1016 ‚
1255 949 1565 1021 quaenam
1600 926 1672 1000 in
1706 927 1832 998 hoc
1881 923 2148 995 homine
2180 916 2510 1011 peculiaris
2537 910 2617 985 sit
2648 907 2893 983 cerebri
2931 902 3300 976 constitutio
3327 949 3348 985 ‚
3390 923 3544 991 quae
3578 915 3841 994 motum

953 1032 1130 1102 hunc
1177 1049 1322 1099 extr
1350 1025 1571 1099 nsecus
1612 1024 2068 1097 advenientem
2089 1022 2181 1090 ita
2208 1010 2541 1096 modificet
2572 1061 2595 1097 ,
2629 1028 2706 1081 ut
2733 998 2898 1079 solus
2932 1003 2997 1073 id
3024 1003 3303 1094 patiatur
3333 1049 3359 1082 ,
3393 994 3575 1089 quod
3606 1011 3845 1089 praeter

954 1153 1109 1200 eum
1155 1127 1396 1218 patitur
1427 1142 1640 1195 nemo.
1716 1123 1869 1193 Hoc
1911 1116 2400 1211 quamprimum
2428 1110 2571 1203 quis
2595 1101 2925 1200 cognoscit
2954 1098 3397 1192 ‚specialiorem
3436 1096 3604 1167 inter
3667 1085 3843 1172 caus-

950 1223 1088 1327 sam
1128 1241 1324 1316 atque
1356 1217 1664 1295 effesturn
1709 1241 1958 1291 nexum
2016 1210 2363 1309 cognoscit.

1140 1373 1274 1452 Hic
1331 1403 1493 1452 vero
1535 1400 1732 1449 nemo
1786 1367 2106 1445 existimet
2129 1419 2152 1455 ,
2199 1382 2318 1438 nos
2370 1361 2616 1452 semper
2640 1346 3078 1450 cognitionem
3110 1339 3465 1442 specialior&
3516 1345 3691 1418 inter
3724 1341 3838 1418 hos

943 1501 1152 1547 nexus
1203 1479 1568 1570 requirere,
1622 1492 1737 1559 ut,
1804 1467 2091 1543 nisi¹ista
2140 1461 2304 1537 adsit
2345 1513 2366 1549 ,
2422 1456 2779 1548 superstitio
2844 1449 2923 1523 fit
2977 1444 3191 1521 nostra
3238 1441 3560 1539 persuasio
3616 1472 3643 1516 ,ε
3719 1446 3837 1516 hoc

944 1578 1118 1644 enim
1177 1571 1223 1644 si
1272 1572 1467 1659 esset,
1507 1596 1658 1666 quac
1710 1593 1846 1640 non
1894 1557 2231 1659 opiniones
2275 1552 2723 1652 superstitiosae
2765 1545 3006 1622 essent?
3041 1541 3329 1618 Tametsi
3393 1545 3572 1616 enim
3606 1537 3831 1637 agnos-

939 1661 1161 1744 ‘cantus
1194 1720 1215 1756 ‚
1271 1669 1716 1763 imperfectam
1761 1663 1879 1737 effe
1921 1659 2213 1735 nostram
2277 1653 2601 1729 scientiam
2627 1701 2648 1737 ,
2693 1669 2846 1721 cum
2881 1646 3302 1743 generaliorem
3355 1662 3619 1714 tantum
3666 1644 3835 1713 hunc

933 1773 1186 1850 nexum
1232 1766 1674 1862 cognoscimus
1733 1792 1751 1834 ε
1821 1782 2113 1835 mentem
2155 1756 2276 1829 hac
2319 1781 2456 1827 non
2508 1769 2889 1821 contentam
2950 1741 3195 1835 semper
3251 1741 3332 1810 ad
3398 1739 3829 1830 specialiorem

934 1866 1376 1956 cognitionem
1423 1866 1730 1937 tendere:
1786 1857 2081 1934 sufficere
2135 1874 2357 1928 tamen
2411 1851 2587 1925 illam
2642 1865 2949 1941 putamus
2998 1892 3053 1929 ,b
3091 1855 3169 1915 ut
3240 1836 3470 1912 caussae
3525 1830 3827 1908 effectum

930 1958 1154 2036 saltem
1213 1960 1347 2037 sine
1389 1957 1830 2058 superstitione
1873 1953 2259 2033 tribuamus.

932 2153 938 2160 ·
1119 2116 1442 2190 Praeterea
1495 2113 1784 2190 dividere
1809 2097 2140 2210 possumus
2189 2134 2416 2186 nexum
2456 2101 2811 2182 cauffarum
2850 2094 2918 2175 in
2967 2114 3200 2171 certum
3250 2146 3275 2182 ‚
3323 2091 3712 2189 verisimilem
3758 2105 3819 2178 ἃ

920 2211 1259 2303 pqffi'biIem.
1297 2221 1298 2226 ’
1361 2223 1570 2286 Certus
1619 2213 1733 2301 est,
1786 2238 1942 2285 curn
1996 2208 2407 2285 evidentibus
2458 2203 2854 2299 argumentis
2900 2196 3324 2270 demonstrari
3371 2198 3600 2292 potest,
3654 2202 3823 2297 hunc

918 2308 1040 2389 effe
1102 2334 1348 2383 nexum
1403 2313 1469 2385 δι
1506 2311 1645 2385 non
1689 2311 1915 2383 alium.
2026 2307 2365 2396 Verisimilth
2392 2353 2447 2391 „
2492 2324 2647 2374 cum
2690 2294 3139 2393 probabilibus
3185 2297 3577 2388 argumentis
3622 2298 3817 2370 doce-

915 2427 987 2478 re
1032 2406 1387 2504 possumus,
1440 2412 1614 2488 hunc
1645 2407 1884 2504 ⁴potius
1935 2404 2054 2479 effe
2108 2408 2400 2496 nexum&
2459 2421 2664 2494 quam
2714 2398 2932 2492 alium.
3036 2391 3323 2481 Pqffibilis
3371 2394 3638 2487 denique
3660 2397 3755 2467 est
3782 2445 3816 2483 ,

916 2501 967 2575 fi
1020 2527 1099 2582 eo
1149 2503 1413 2600 posito,
1469 2503 1627 2579 nihil
1674 2505 1988 2601 ponitur,
2036 2503 2301 2589 rationi,
2352 2493 2640 2594 physicae
2720 2493 3108 2589 principiis,
3173 2513 3425 2565 naturae
3497 2483 3753 2585 legibus
3782 2544 3809 2580 ‚

913 2619 1115 2699 atque
1168 2605 1586 2704 experientiae
1631 2629 2018 2698 repugnans.
2143 2602 2209 2675 Si
2260 2619 2446 2672 certus
2514 2595 2605 2667 est
2660 2617 2866 2666 nexus
2892 2641 2915 2677 ,
2975 2614 3186 2661 errare
3238 2603 3375 2661 nori
3437 2587 3811 2684 poffilmus:

911 2721 983 2773 at
1034 2727 1411 2797 quanquam
1449 2729 1657 2776 errare
1705 2691 2059 2797 p'oflimus,
2123 2699 2379 2793 quoties
2415 2715 2625 2768 nexus
2673 2710 2936 2765 tantum
2987 2686 3323 2775 vertfimilis
3382 2709 3497 2760 aut
3538 2687 3807 2784 poffibihte

911 2797 1000 2873 ost
1048 2800 1259 2890 (cum
1301 2799 1446 2874 fieri
1494 2801 1688 2897 queat
1722 2855 1744 2890 ‚
1791 2821 1869 2874 ut
1912 2794 2259 2873 verisimile
2318 2820 2455 2868 non
2499 2781 2579 2865 sit
2614 2813 2848 2865 verum
2877 2840 2900 2874 ‚
2954 2786 3134 2880 quo'd
3185 2779 3303 2857 effe
3357 2785 3613 2880 potest,
3677 2810 3811 2863 non

904 2890 1046 2985 sit)
1096 2899 1199 2969 hic
1242 2916 1463 2970 tamen
1510 2926 1688 2972 error
1743 2899 2103 2992 superstitio
2144 2894 2444 2968 nondum
2493 2891 2601 2963 est.
2650 2894 2655 2899 ’
2717 2889 2841 2963 Sed
2893 2907 3046 2958 tum
3094 2884 3364 2957 demum
3422 2878 3641 2957 valida
3690 2882 3815 2957 sus·

900 2993 1072 3086 picio
1122 2996 1190 3065 in
1241 2992 1432 3067 nobis
1475 2999 1630 3067 oriri
1677 2996 1887 3089 potest
1909 3001 1954 3082 ‚²
1999 2989 2476 3088 persuasionem
2527 3038 2550 3074 ‚
2601 3013 2756 3081 quae
2815 2972 3121 3056 effecium
3193 3007 3344 3054 cum
3386 2977 3605 3056 'caussa
3658 3009 3814 3077 con-

897 3091 1115 3183 jungit
1141 3138 1161 3171 ,
1215 3090 1333 3189 esse
1384 3088 1897 3188 superstitionem
1912 3143 1936 3177 ,
1979 3114 2187 3184 quum
2229 3089 2530 3161 homines
2577 3085 2843 3156 rationis
2875 3081 2993 3154 usu
3033 3082 3454 3170 excellentes,
3511 3081 3812 3177 sanaeque

897 3187 1189 3282 Physicae
1236 3191 1560 3284 principiis
1607 3192 1814 3286 probe
1881 3187 2163 3269 imbuti.
2222 3185 2477 3256 nullum
2523 3182 2909 3270 verifimilem
2931 3232 2956 3269 ,
3007 3180 3144 3250 imo
3204 3205 3283 3253 ne
3325 3179 3588 3275 quidem
3632 3176 3811 3272 pqfft'-

882 3285 1075 3361 vbilem
1100 3339 1123 3375 ‚
1163 3290 1334 3361 inter
1406 3288 1682 3362 caussam
1740 3310 1935 3383 atque
1986 3283 2297 3361 effectum
2349 3305 2595 3354 nexum
2646 3280 2922 3374 reperire
2970 3276 3252 3373 possunt.

931 3536 938 3544 ¹
980 3528 984 3533 .
1100 3444 1322 3515 Liceat
1369 3436 1567 3513 nobis
1620 3442 1923 3536 exemplo
1976 3454 2118 3514 rem
2167 3434 2492 3509 illustrare.
2619 3429 2867 3509 Dicunt
2901 3485 2922 3519 ‚
2969 3432 3283 3526 pulverem
3332 3430 3533 3505 nescio
3595 3444 3808 3524 quem

889 3539 1209 3613 vuinerati
1260 3541 1541 3612 hominis
1589 3542 1880 3631 sanguini
1932 3538 1999 3609 in
2056 3539 2257 3611 linteo
2310 3552 2582 3629 excepto
2617 3585 2640 3621 ‚
2690 3533 2832 3626 post
2888 3532 2925 3602 a
2967 3530 3236 3604 vulnere
3297 3534 3538 3604 mirum
3599 3546 3811 3623 quan-1

886 3634 1034 3744 tum
1081 3650 1385 3724 remoto,
1437 3635 1845 3731 adspersum,
1903 3636 2145 3708 vulnus
2192 3661 2307 3726 per
2351 3632 2756 3730 sympathiam
2819 3628 3057 3702 sanare.
3189 3630 3405 3723 Iniqui
3478 3625 3804 3713 essemus)

882 3732 933 3801 11
981 3733 1440 3827 superstitionis
1493 3735 1639 3806 haec
1692 3733 2006 3805 sententia
2058 3729 2250 3803 nobis
2294 3731 2578 3823 suspecta
2627 3725 2775 3800 esset
2820 3725 3034 3798 statim
3061 3778 3084 3814 ,
3143 3721 3188 3796 si
3241 3753 3437 3800 nemo
3493 3744 3671 3800 certo
3744 3724 3815 3797 δι

881 3826 1031 3933 sine.
1073 3834 1210 3905 uilo
1253 3835 1488 3905 erroris
1529 3832 1816 3925 periculo
1845 3827 2064 3901 -nobis
2113 3829 2321 3919 dicere
2378 3825 2581 3921 posset
2614 3876 2636 3911 ,
2697 3848 3011 3919 quaenam
3090 3833 3157 3897 in
3199 3826 3389 3918 specie
3457 3822 3541 3905 sit
3607 3823 3811 3915 hujus

866 3927 1164 4018 pulveris
1196 3980 1216 4015 ,
1271 3950 1423 4021 quae
1474 3932 1638 4001 item
1693 3927 2015 4022 sanguinis
2065 3938 2330 3997 textura
2345 3959 2369 4011 ,⁴
2423 3944 2577 4015 quae<
2625 3923 3090 4016 particularum
3140 3919 3354 4018 figura
3380 3974 3401 4010 ,
3449 3918 3566 4017 qui
3598 3918 3806 4006 situs,

874 4024 1018 4116 quis
1074 4048 1305 4095 motus
1358 4046 1731 4118 :quaenam
1789 4028 1854 4095 in
1927 4027 2051 4095 hoc
2098 4021 2562 4115 particularum
2623 4020 2937 4093 concursu
2993 4026 3391 4093 mutationes
3456 4019 3735 4093 existant
3783 4064 3807 4104 ,

869 4122 1073 4212 quid,
1130 4142 1510 4214 quantum,
1563 4151 1691 4218 qua
1750 4125 1858 4195 via
1912 4146 1994 4191 ex
2048 4120 2167 4191 inis
2212 4115 2690 4194 mutationibus
2765 4120 2828 4191 δε
2895 4117 3187 4191 motibus
3238 4116 3665 4190 transferatur
3734 4119 3809 4189 in

806 4257 812 4262 ·
865 4213 1111 4316 vulnus
1143 4220 1182 4306 ,‘
1225 4244 1386 4313 quae
1451 4221 1518 4293 in
1580 4223 1850 4293 vulnere
1888 4220 2287 4290 mutationes
2341 4217 2669 4305 accidant,
2722 4238 2799 4290 ut
2840 4218 3109 4289 tandem
3159 4216 3403 4289 sanatio
3450 4212 3807 4287 necessario

803 4350 804 4353 ¹
863 4316 1317 4413 consequatur.
1417 4322 1608 4395 Hanc
1655 4314 2135 4413 persuasionem
2185 4316 2271 4388 ab
2320 4318 2505 4389 omni
2557 4315 3032 4412 superstitionis
3082 4314 3433 4408 suspicione
3508 4314 3805 4390 ahenam

847 4410 980 4487 effe
1056 4416 1355 4490 dicemus
1381 4467 1403 4502 ,
1449 4415 1821 4497 dummodo
1879 4408 1959 4487 sit
1983 4466 2004 4502 ,
2067 4417 2181 4505 qui
2238 4434 2489 4485 nexum
2540 4414 2727 4485 nobis
2778 4416 2944 4488 inter
3032 4411 3307 4487 cauffam
3348 4405 3807 4504 effectumque

892 4501 917 4515 ,-

862 4512 1289 4621 generaiem,
1334 4538 1622 4607 eumque
1673 4512 1887 4587 solum
1943 4508 2314 4608 poffibssem
2342 4562 2367 4598 ‚
2436 4510 2766 4583 monstret.
3328 4540 3332 4545 ·
3650 4548 3654 4552 -

1065 4665 1169 4740 Ad
1217 4666 1342 4737 hoc
1394 4680 1616 4736 autem
1661 4664 1784 4741 tria
1820 4665 2280 4760 requiruntur:
2335 4680 2413 4735 ut
2460 4660 2653 4737 nobis
2690 4662 3081 4769 monstretur
3108 4715 3132 4755 ,
3173 4660 3349 4773 pqffe
3392 4658 3804 4765 singulas-ern

3585 4785 3806 4853 quen.
