<?xml version="1.0" encoding="UTF-8"?>
<!DOCTYPE html PUBLIC "-//W3C//DTD XHTML 1.0 Transitional//EN"
    "http://www.w3.org/TR/xhtml1/DTD/xhtml1-transitional.dtd">
<html xmlns="http://www.w3.org/1999/xhtml" xml:lang="en" lang="en">
 <head>
  <title>
</title>
<meta http-equiv="Content-Type" content="text/html;charset=utf-8" />
  <meta name='ocr-system' content='tesseract 3.04.00' />
  <meta name='ocr-capabilities' content='ocr_page ocr_carea ocr_par ocr_line ocrx_word'/>
</head>
<body>
  <div class='ocr_page' id='page_1' title='image "./opusculatheolog00weregoog/opusculatheolog00weregoog_0153.png"; bbox 0 0 4188 5670; ppageno 0'>
   <div class='ocr_carea' id='block_1_1' title="bbox 874 409 3241 702">
    <p class='ocr_par' dir='ltr' id='par_1_1' title="bbox 874 409 3241 702">
     <span class='ocr_line' id='line_1_1' title="bbox 994 409 3241 516; baseline 0.002 -24"><span class='ocrx_word' id='word_1_1' title='bbox 994 409 1772 492; x_wconf 55' lang='lat' dir='ltr'>Enunrronss</span> <span class='ocrx_word' id='word_1_2' title='bbox 1906 412 2170 490; x_wconf 59' lang='lat' dir='ltr'>Car.</span> <span class='ocrx_word' id='word_1_3' title='bbox 2343 410 2440 488; x_wconf 89' lang='lat' dir='ltr'>X.</span> <span class='ocrx_word' id='word_1_4' title='bbox 2665 449 2691 464; x_wconf 93' lang='lat'><em>-</em></span> <span class='ocrx_word' id='word_1_5' title='bbox 3106 442 3241 516; x_wconf 73' lang='lat'>115</span> 
     </span>
     <span class='ocr_line' id='line_1_2' title="bbox 874 590 1944 702; baseline -0.006 -30"><span class='ocrx_word' id='word_1_6' title='bbox 874 606 1089 676; x_wconf 74' lang='lat' dir='ltr'>onmes</span> <span class='ocrx_word' id='word_1_7' title='bbox 1131 606 1306 674; x_wconf 76' lang='lat' dir='ltr'>unius</span> <span class='ocrx_word' id='word_1_8' title='bbox 1380 601 1717 693; x_wconf 68' lang='lat' dir='ltr'>aestiaenemm</span> <span class='ocrx_word' id='word_1_9' title='bbox 1779 590 1944 702; x_wconf 47' lang='lat' dir='ltr'>effit-</span> 
     </span>
    </p>
   </div>
   <div class='ocr_carea' id='block_1_2' title="bbox 331 763 3239 1374">
    <p class='ocr_par' dir='ltr' id='par_1_2' title="bbox 331 763 3239 1374">
     <span class='ocr_line' id='line_1_3' title="bbox 533 763 3239 877; baseline 0.001 -21"><span class='ocrx_word' id='word_1_10' title='bbox 533 777 653 856; x_wconf 83' lang='lat' dir='ltr'>Sin</span> <span class='ocrx_word' id='word_1_11' title='bbox 711 763 1075 875; x_wconf 85' lang='lat' dir='ltr'>sapientum</span> <span class='ocrx_word' id='word_1_12' title='bbox 1109 773 1304 872; x_wconf 82' lang='lat' dir='ltr'>nobis</span> <span class='ocrx_word' id='word_1_13' title='bbox 1349 776 1586 872; x_wconf 86' lang='lat' dir='ltr'>judicia</span> <span class='ocrx_word' id='word_1_14' title='bbox 1620 775 1969 858; x_wconf 72' lang='lat' dir='ltr'>videnum</span> <span class='ocrx_word' id='word_1_15' title='bbox 2030 776 2393 872; x_wconf 75' lang='lat' dir='ltr'>cogitemus</span> <span class='ocrx_word' id='word_1_16' title='bbox 2418 829 2443 869; x_wconf 89' lang='lat'>‚</span> <span class='ocrx_word' id='word_1_17' title='bbox 2496 803 2621 855; x_wconf 89' lang='lat' dir='ltr'>nos</span> <span class='ocrx_word' id='word_1_18' title='bbox 2658 795 2774 854; x_wconf 87' lang='lat' dir='ltr'>aut</span> <span class='ocrx_word' id='word_1_19' title='bbox 2805 778 2897 854; x_wconf 87' lang='lat' dir='ltr'>ita</span> <span class='ocrx_word' id='word_1_20' title='bbox 2919 775 3239 877; x_wconf 74' lang='lat' dir='ltr'>sapiente·</span> 
     </span>
     <span class='ocr_line' id='line_1_4' title="bbox 341 873 3235 972; baseline 0.001 -21"><span class='ocrx_word' id='word_1_21' title='bbox 341 873 457 951; x_wconf 66' lang='lat' dir='ltr'>efle</span> <span class='ocrx_word' id='word_1_22' title='bbox 483 923 511 967; x_wconf 75' lang='lat'><strong>,</strong></span> <span class='ocrx_word' id='word_1_23' title='bbox 559 898 640 952; x_wconf 88' lang='lat' dir='ltr'>ut</span> <span class='ocrx_word' id='word_1_24' title='bbox 680 879 762 951; x_wconf 90' lang='lat' dir='ltr'>de</span> <span class='ocrx_word' id='word_1_25' title='bbox 801 878 1080 953; x_wconf 88' lang='lat' dir='ltr'>aliorum</span> <span class='ocrx_word' id='word_1_26' title='bbox 1126 875 1436 971; x_wconf 82' lang='lat' dir='ltr'>sapientia</span> <span class='ocrx_word' id='word_1_27' title='bbox 1468 877 1752 970; x_wconf 88' lang='lat' dir='ltr'>judicare</span> <span class='ocrx_word' id='word_1_28' title='bbox 1790 874 2110 972; x_wconf 85' lang='lat' dir='ltr'>poffimus</span> <span class='ocrx_word' id='word_1_29' title='bbox 2148 927 2174 964; x_wconf 90' lang='lat'><strong>,</strong></span> <span class='ocrx_word' id='word_1_30' title='bbox 2233 900 2351 952; x_wconf 89' lang='lat' dir='ltr'>aut</span> <span class='ocrx_word' id='word_1_31' title='bbox 2396 902 2533 953; x_wconf 92' lang='lat' dir='ltr'>non</span> <span class='ocrx_word' id='word_1_32' title='bbox 2581 877 2700 954; x_wconf 81' lang='lat' dir='ltr'>effe</span> <span class='ocrx_word' id='word_1_33' title='bbox 2754 906 2773 950; x_wconf 65' lang='grc' dir='ltr'>ι</span> <span class='ocrx_word' id='word_1_34' title='bbox 2837 878 2889 952; x_wconf 86' lang='lat' dir='ltr'>fi</span> <span class='ocrx_word' id='word_1_35' title='bbox 2929 878 3153 955; x_wconf 88' lang='lat' dir='ltr'>sumus</span> <span class='ocrx_word' id='word_1_36' title='bbox 3200 911 3235 969; x_wconf 65' lang='grc' dir='ltr'><strong><em>ς</em></strong></span> 
     </span>
     <span class='ocr_line' id='line_1_5' title="bbox 339 973 3229 1072; baseline 0.003 -23"><span class='ocrx_word' id='word_1_37' title='bbox 339 977 513 1050; x_wconf 82' lang='lat' dir='ltr'>male</span> <span class='ocrx_word' id='word_1_38' title='bbox 561 977 1057 1072; x_wconf 83' lang='lat' dir='ltr'>judicia&#39;nostra</span> <span class='ocrx_word' id='word_1_39' title='bbox 1122 978 1258 1049; x_wconf 87' lang='lat' dir='ltr'>aliis</span> <span class='ocrx_word' id='word_1_40' title='bbox 1325 973 1767 1050; x_wconf 82' lang='lat' dir='ltr'><strong>submittimus</strong></span> <span class='ocrx_word' id='word_1_41' title='bbox 1801 1025 1826 1065; x_wconf 88' lang='lat'>‚</span> <span class='ocrx_word' id='word_1_42' title='bbox 1897 997 2051 1049; x_wconf 89' lang='lat' dir='ltr'>cum</span> <span class='ocrx_word' id='word_1_43' title='bbox 2089 977 2285 1071; x_wconf 88' lang='lat' dir='ltr'>longe</span> <span class='ocrx_word' id='word_1_44' title='bbox 2328 975 2572 1052; x_wconf 82' lang='lat' dir='ltr'>facilius</span> <span class='ocrx_word' id='word_1_45' title='bbox 2615 976 2696 1051; x_wconf 88' lang='lat' dir='ltr'>fit</span> <span class='ocrx_word' id='word_1_46' title='bbox 2741 978 3025 1070; x_wconf 88' lang='lat' dir='ltr'>judicare</span> <span class='ocrx_word' id='word_1_47' title='bbox 3052 1030 3079 1068; x_wconf 88' lang='lat'>‚</span> <span class='ocrx_word' id='word_1_48' title='bbox 3143 982 3229 1064; x_wconf 83' lang='lat' dir='ltr'>de</span> 
     </span>
     <span class='ocr_line' id='line_1_6' title="bbox 336 1069 3230 1172; baseline 0.003 -29"><span class='ocrx_word' id='word_1_49' title='bbox 336 1069 679 1150; x_wconf 79' lang='lat' dir='ltr'>sententiae</span> <span class='ocrx_word' id='word_1_50' title='bbox 715 1076 909 1150; x_wconf 82' lang='lat' dir='ltr'>unius</span> <span class='ocrx_word' id='word_1_51' title='bbox 958 1089 1079 1150; x_wconf 86' lang='lat' dir='ltr'>aut</span> <span class='ocrx_word' id='word_1_52' title='bbox 1123 1075 1382 1148; x_wconf 82' lang='lat' dir='ltr'>alterius</span> <span class='ocrx_word' id='word_1_53' title='bbox 1417 1074 1691 1149; x_wconf 80' lang='lat' dir='ltr'>veritate</span> <span class='ocrx_word' id='word_1_54' title='bbox 1717 1123 1742 1163; x_wconf 89' lang='lat'>‚</span> <span class='ocrx_word' id='word_1_55' title='bbox 1800 1093 2000 1169; x_wconf 86' lang='lat' dir='ltr'>quam</span> <span class='ocrx_word' id='word_1_56' title='bbox 2041 1075 2123 1147; x_wconf 90' lang='lat' dir='ltr'>de</span> <span class='ocrx_word' id='word_1_57' title='bbox 2174 1076 2456 1149; x_wconf 86' lang='lat' dir='ltr'>hominis</span> <span class='ocrx_word' id='word_1_58' title='bbox 2510 1075 2777 1168; x_wconf 83' lang='lat' dir='ltr'>alicujus</span> <span class='ocrx_word' id='word_1_59' title='bbox 2821 1075 3145 1172; x_wconf 21' lang='lat' dir='ltr'>*sapientia</span> <span class='ocrx_word' id='word_1_60' title='bbox 3204 1106 3230 1152; x_wconf 70' lang='grc' dir='ltr'><em>ε</em></span> 
     </span>
     <span class='ocr_line' id='line_1_7' title="bbox 335 1167 3229 1271; baseline 0.001 -24"><span class='ocrx_word' id='word_1_61' title='bbox 335 1167 385 1242; x_wconf 83' lang='lat' dir='ltr'>fi</span> <span class='ocrx_word' id='word_1_62' title='bbox 430 1199 578 1248; x_wconf 90' lang='lat' dir='ltr'>non</span> <span class='ocrx_word' id='word_1_63' title='bbox 626 1173 849 1248; x_wconf 83' lang='lat' dir='ltr'>sumus</span> <span class='ocrx_word' id='word_1_64' title='bbox 879 1226 906 1263; x_wconf 93' lang='lat'>‚</span> <span class='ocrx_word' id='word_1_65' title='bbox 959 1178 1175 1270; x_wconf 88' lang='lat' dir='ltr'>inepte</span> <span class='ocrx_word' id='word_1_66' title='bbox 1219 1177 1286 1247; x_wconf 86' lang='lat'>&amp;</span> <span class='ocrx_word' id='word_1_67' title='bbox 1327 1170 1681 1268; x_wconf 87' lang='lat' dir='ltr'>periculose</span> <span class='ocrx_word' id='word_1_68' title='bbox 1737 1174 2017 1249; x_wconf 83' lang='lat' dir='ltr'>aliorum</span> <span class='ocrx_word' id='word_1_69' title='bbox 2068 1171 2453 1250; x_wconf 88' lang='lat' dir='ltr'>sententiam</span> <span class='ocrx_word' id='word_1_70' title='bbox 2496 1175 2825 1271; x_wconf 81' lang='lat' dir='ltr'>sequimur</span> <span class='ocrx_word' id='word_1_71' title='bbox 2867 1224 2892 1264; x_wconf 85' lang='lat'><strong>,</strong></span> <span class='ocrx_word' id='word_1_72' title='bbox 2939 1200 3105 1270; x_wconf 87' lang='lat' dir='ltr'>quos</span> <span class='ocrx_word' id='word_1_73' title='bbox 3135 1175 3229 1251; x_wconf 73' lang='lat' dir='ltr'>sa-</span> 
     </span>
     <span class='ocr_line' id='line_1_8' title="bbox 331 1267 1700 1374; baseline 0 -31"><span class='ocrx_word' id='word_1_74' title='bbox 331 1271 590 1364; x_wconf 82' lang='lat' dir='ltr'>pientes</span> <span class='ocrx_word' id='word_1_75' title='bbox 635 1270 753 1348; x_wconf 81' lang='lat' dir='ltr'>effe</span> <span class='ocrx_word' id='word_1_76' title='bbox 779 1322 806 1361; x_wconf 90' lang='lat'>,</span> <span class='ocrx_word' id='word_1_77' title='bbox 858 1273 1014 1348; x_wconf 88' lang='lat' dir='ltr'>scire</span> <span class='ocrx_word' id='word_1_78' title='bbox 1078 1297 1220 1348; x_wconf 90' lang='lat' dir='ltr'>non</span> <span class='ocrx_word' id='word_1_79' title='bbox 1270 1267 1626 1368; x_wconf 76' lang='lat' dir='ltr'>pofl&#39;umus.</span> <span class='ocrx_word' id='word_1_80' title='bbox 1693 1365 1700 1374; x_wconf 9' lang='lat' dir='ltr'>q</span> 
     </span>
    </p>
   </div>
   <div class='ocr_carea' id='block_1_3' title="bbox 323 1443 3235 2044">
    <p class='ocr_par' dir='ltr' id='par_1_3' title="bbox 329 1443 3235 1826">
     <span class='ocr_line' id='line_1_9' title="bbox 529 1443 3235 1552; baseline 0.001 -23"><span class='ocrx_word' id='word_1_81' title='bbox 529 1456 629 1529; x_wconf 88' lang='lat' dir='ltr'>Sit</span> <span class='ocrx_word' id='word_1_82' title='bbox 670 1469 987 1551; x_wconf 67' lang='lat' dir='ltr'>praeterea</span> <span class='ocrx_word' id='word_1_83' title='bbox 1028 1448 1225 1526; x_wconf 76' lang='lat' dir='ltr'>nobis</span> <span class='ocrx_word' id='word_1_84' title='bbox 1271 1453 1345 1525; x_wconf 90' lang='lat' dir='ltr'>in</span> <span class='ocrx_word' id='word_1_85' title='bbox 1388 1447 1538 1525; x_wconf 83' lang='lat' dir='ltr'>libri</span> <span class='ocrx_word' id='word_1_86' title='bbox 1585 1443 1930 1545; x_wconf 79' lang='lat' dir='ltr'>cujuslibet</span> <span class='ocrx_word' id='word_1_87' title='bbox 1981 1452 2259 1531; x_wconf 67' lang='lat' dir='ltr'>lectione</span> <span class='ocrx_word' id='word_1_88' title='bbox 2310 1449 2721 1551; x_wconf 72' lang='lat' dir='ltr'>propositum</span> <span class='ocrx_word' id='word_1_89' title='bbox 2751 1455 2783 1545; x_wconf 61' lang='grc' dir='ltr'><strong><em>ζ</em></strong></span> <span class='ocrx_word' id='word_1_90' title='bbox 2828 1457 2914 1530; x_wconf 73' lang='lat' dir='ltr'>ex&#39;</span> <span class='ocrx_word' id='word_1_91' title='bbox 2955 1475 3037 1532; x_wconf 90' lang='lat' dir='ltr'>eo</span> <span class='ocrx_word' id='word_1_92' title='bbox 3080 1458 3235 1552; x_wconf 66' lang='lat' dir='ltr'>pro-2</span> 
     </span>
     <span class='ocr_line' id='line_1_10' title="bbox 330 1546 3228 1650; baseline 0.001 -20"><span class='ocrx_word' id='word_1_93' title='bbox 330 1551 529 1631; x_wconf 86' lang='lat' dir='ltr'>ficere</span> <span class='ocrx_word' id='word_1_94' title='bbox 559 1582 588 1640; x_wconf 85' lang='lat'>5</span> <span class='ocrx_word' id='word_1_95' title='bbox 638 1555 984 1628; x_wconf 83' lang='lat' dir='ltr'>veritatem</span> <span class='ocrx_word' id='word_1_96' title='bbox 1004 1603 1030 1640; x_wconf 90' lang='lat'><strong>,</strong></span> <span class='ocrx_word' id='word_1_97' title='bbox 1066 1547 1331 1628; x_wconf 83' lang='lat' dir='ltr'>tametfi</span> <span class='ocrx_word' id='word_1_98' title='bbox 1374 1551 1446 1623; x_wconf 92' lang='lat' dir='ltr'>in</span> <span class='ocrx_word' id='word_1_99' title='bbox 1489 1546 1765 1623; x_wconf 83' lang='lat' dir='ltr'>barbara</span> <span class='ocrx_word' id='word_1_100' title='bbox 1798 1552 2025 1627; x_wconf 84' lang='lat' dir='ltr'>tellure</span> <span class='ocrx_word' id='word_1_101' title='bbox 2069 1556 2410 1628; x_wconf 77' lang='lat' dir='ltr'>inventam</span> <span class='ocrx_word' id='word_1_102' title='bbox 2438 1599 2465 1642; x_wconf 81' lang='lat'>‚</span> <span class='ocrx_word' id='word_1_103' title='bbox 2490 1554 2846 1648; x_wconf 72' lang='lat' dir='ltr'>exosculari</span> <span class='ocrx_word' id='word_1_104' title='bbox 2878 1584 2906 1640; x_wconf 77' lang='lat'>5</span> <span class='ocrx_word' id='word_1_105' title='bbox 2965 1556 3228 1650; x_wconf 79' lang='lat' dir='ltr'>rejicere</span> 
     </span>
     <span class='ocr_line' id='line_1_11' title="bbox 329 1644 3229 1826; baseline 0 -99"><span class='ocrx_word' id='word_1_106' title='bbox 329 1654 662 1826; x_wconf 58' lang='lat' dir='ltr'>gerspieue</span> <span class='ocrx_word' id='word_1_107' title='bbox 707 1651 858 1725; x_wconf 71' lang='lat' dir='ltr'>falia</span> <span class='ocrx_word' id='word_1_108' title='bbox 890 1681 918 1736; x_wconf 81' lang='lat'>,-</span> <span class='ocrx_word' id='word_1_109' title='bbox 957 1653 1029 1723; x_wconf 91' lang='lat' dir='ltr'>in</span> <span class='ocrx_word' id='word_1_110' title='bbox 1069 1649 1286 1725; x_wconf 87' lang='lat' dir='ltr'>dubiis</span> <span class='ocrx_word' id='word_1_111' title='bbox 1350 1644 1772 1722; x_wconf 84' lang='lat' dir='ltr'>affenfionem</span> <span class='ocrx_word' id='word_1_112' title='bbox 1835 1650 2139 1726; x_wconf 87' lang='lat' dir='ltr'>cohibere</span> <span class='ocrx_word' id='word_1_113' title='bbox 2184 1680 2209 1734; x_wconf 85' lang='lat'>5</span> <span class='ocrx_word' id='word_1_114' title='bbox 2257 1675 2416 1727; x_wconf 80' lang='lat' dir='ltr'>vera</span> <span class='ocrx_word' id='word_1_115' title='bbox 2461 1655 2527 1726; x_wconf 88' lang='lat'>&amp;</span> <span class='ocrx_word' id='word_1_116' title='bbox 2568 1650 2749 1728; x_wconf 91' lang='lat' dir='ltr'>bona</span> <span class='ocrx_word' id='word_1_117' title='bbox 2809 1657 3032 1728; x_wconf 88' lang='lat' dir='ltr'>omnia</span> <span class='ocrx_word' id='word_1_118' title='bbox 3076 1681 3229 1749; x_wconf 90' lang='lat' dir='ltr'>pro-</span> 
     </span>
    </p>

    <p class='ocr_par' dir='ltr' id='par_1_4' title="bbox 323 1743 3230 2044">
     <span class='ocr_line' id='line_1_12' title="bbox 379 1743 3230 1848; baseline -0 -22"><span class='ocrx_word' id='word_1_119' title='bbox 379 1777 489 1828; x_wconf 88' lang='lat' dir='ltr'>are</span> <span class='ocrx_word' id='word_1_120' title='bbox 526 1783 548 1825; x_wconf 85' lang='lat'>.-</span> <span class='ocrx_word' id='word_1_121' title='bbox 597 1777 737 1825; x_wconf 91' lang='lat' dir='ltr'>non</span> <span class='ocrx_word' id='word_1_122' title='bbox 771 1769 997 1825; x_wconf 87' lang='lat' dir='ltr'>autem</span> <span class='ocrx_word' id='word_1_123' title='bbox 1041 1747 1272 1845; x_wconf 74' lang='lat' dir='ltr'>scopus</span> <span class='ocrx_word' id='word_1_124' title='bbox 1311 1747 1530 1821; x_wconf 87' lang='lat' dir='ltr'>noster</span> <span class='ocrx_word' id='word_1_125' title='bbox 1566 1743 1649 1820; x_wconf 87' lang='lat' dir='ltr'>fit</span> <span class='ocrx_word' id='word_1_126' title='bbox 1676 1797 1703 1836; x_wconf 83' lang='lat'><strong>,</strong></span> <span class='ocrx_word' id='word_1_127' title='bbox 1749 1765 1901 1821; x_wconf 88' lang='lat' dir='ltr'>ante</span> <span class='ocrx_word' id='word_1_128' title='bbox 1949 1749 2106 1848; x_wconf 68' lang='lat' dir='ltr'>librif</span> <span class='ocrx_word' id='word_1_129' title='bbox 2146 1752 2495 1825; x_wconf 65' lang='lat' dir='ltr'>lectionem</span> <span class='ocrx_word' id='word_1_130' title='bbox 2548 1752 2616 1823; x_wconf 91' lang='lat' dir='ltr'>id</span> <span class='ocrx_word' id='word_1_131' title='bbox 2641 1803 2666 1839; x_wconf 87' lang='lat'>,</span> <span class='ocrx_word' id='word_1_132' title='bbox 2715 1754 2895 1847; x_wconf 85' lang='lat' dir='ltr'>quod</span> <span class='ocrx_word' id='word_1_133' title='bbox 2928 1754 3230 1825; x_wconf 87' lang='lat' dir='ltr'>nondum</span> 
     </span>
     <span class='ocr_line' id='line_1_13' title="bbox 330 1842 3225 1946; baseline -0 -22"><span class='ocrx_word' id='word_1_134' title='bbox 330 1850 779 1946; x_wconf 80' lang='lat' dir='ltr'>cognoscimus</span> <span class='ocrx_word' id='word_1_135' title='bbox 814 1890 841 1939; x_wconf 84' lang='lat'>·,</span> <span class='ocrx_word' id='word_1_136' title='bbox 896 1845 1201 1946; x_wconf 66' lang='lat' dir='ltr'>refutare.</span> <span class='ocrx_word' id='word_1_137' title='bbox 1324 1848 1429 1920; x_wconf 88' lang='lat' dir='ltr'>Ita</span> <span class='ocrx_word' id='word_1_138' title='bbox 1485 1849 1661 1919; x_wconf 85' lang='lat' dir='ltr'>enim</span> <span class='ocrx_word' id='word_1_139' title='bbox 1723 1847 1797 1920; x_wconf 88' lang='lat' dir='ltr'>in</span> <span class='ocrx_word' id='word_1_140' title='bbox 1837 1842 2103 1944; x_wconf 79' lang='lat' dir='ltr'>singulis</span> <span class='ocrx_word' id='word_1_141' title='bbox 2160 1846 2452 1932; x_wconf 85' lang='lat' dir='ltr'>verfibus</span> <span class='ocrx_word' id='word_1_142' title='bbox 2486 1871 2873 1943; x_wconf 20' lang='lat' dir='ltr'>quaeremus&amp;</span> <span class='ocrx_word' id='word_1_143' title='bbox 2904 1849 3144 1945; x_wconf 84' lang='lat' dir='ltr'>aliquid</span> <span class='ocrx_word' id='word_1_144' title='bbox 3194 1897 3225 1941; x_wconf 84' lang='lat'><em>,</em></span> 
     </span>
     <span class='ocr_line' id='line_1_14' title="bbox 323 1942 3154 2044; baseline -0.001 -21"><span class='ocrx_word' id='word_1_145' title='bbox 323 1951 511 2043; x_wconf 84' lang='lat' dir='ltr'>quod</span> <span class='ocrx_word' id='word_1_146' title='bbox 568 1948 850 2023; x_wconf 71' lang='lat' dir='ltr'>refixtare</span> <span class='ocrx_word' id='word_1_147' title='bbox 902 1942 1224 2041; x_wconf 83' lang='lat' dir='ltr'>poffimus</span> <span class='ocrx_word' id='word_1_148' title='bbox 1263 1971 1284 2019; x_wconf 71' lang='grc' dir='ltr'><strong><em>ε</em></strong></span> <span class='ocrx_word' id='word_1_149' title='bbox 1327 1945 1521 2039; x_wconf 88' lang='lat' dir='ltr'>idque</span> <span class='ocrx_word' id='word_1_150' title='bbox 1574 1946 1943 2019; x_wconf 80' lang='lat' dir='ltr'>innumeras</span> <span class='ocrx_word' id='word_1_151' title='bbox 1988 1950 2198 2044; x_wconf 84' lang='lat' dir='ltr'>pariet</span> <span class='ocrx_word' id='word_1_152' title='bbox 2254 1949 2745 2044; x_wconf 83' lang='lat' dir='ltr'>Logomachias.</span> <span class='ocrx_word' id='word_1_153' title='bbox 3140 1948 3154 1961; x_wconf 76' lang='lat'><em>⁰</em></span> 
     </span>
    </p>
   </div>
   <div class='ocr_carea' id='block_1_4' title="bbox 310 2089 3594 3302">
    <p class='ocr_par' dir='ltr' id='par_1_5' title="bbox 310 2089 3594 3302">
     <span class='ocr_line' id='line_1_15' title="bbox 524 2089 3539 2272; baseline 0 -72"><span class='ocrx_word' id='word_1_154' title='bbox 524 2127 608 2200; x_wconf 90' lang='lat' dir='ltr'>In</span> <span class='ocrx_word' id='word_1_155' title='bbox 662 2125 794 2221; x_wconf 90' lang='lat' dir='ltr'>ipsa</span> <span class='ocrx_word' id='word_1_156' title='bbox 826 2119 1104 2198; x_wconf 65' lang='lat' dir='ltr'>lectione</span> <span class='ocrx_word' id='word_1_157' title='bbox 1148 2117 1280 2196; x_wconf 87' lang='lat' dir='ltr'>duo</span> <span class='ocrx_word' id='word_1_158' title='bbox 1332 2119 1370 2193; x_wconf 71' lang='lat' dir='ltr'>a</span> <span class='ocrx_word' id='word_1_159' title='bbox 1404 2120 1757 2197; x_wconf 63' lang='lat' dir='ltr'>lectoribus</span> <span class='ocrx_word' id='word_1_160' title='bbox 1800 2089 2239 2221; x_wconf 79' lang='lat' dir='ltr'>requirimus,</span> <span class='ocrx_word' id='word_1_161' title='bbox 2295 2139 2376 2200; x_wconf 78' lang='lat' dir='ltr'>m:</span> <span class='ocrx_word' id='word_1_162' title='bbox 2417 2126 2648 2201; x_wconf 86' lang='lat' dir='ltr'>attenti</span> <span class='ocrx_word' id='word_1_163' title='bbox 2680 2122 2807 2200; x_wconf 88' lang='lat' dir='ltr'>fint</span> <span class='ocrx_word' id='word_1_164' title='bbox 2839 2141 2885 2215; x_wconf 84' lang='lat'>‚‘</span> <span class='ocrx_word' id='word_1_165' title='bbox 2925 2127 2991 2201; x_wconf 84' lang='lat'>&amp;</span> <span class='ocrx_word' id='word_1_166' title='bbox 3022 2125 3216 2201; x_wconf 73' lang='lat' dir='ltr'>cauti.</span> <span class='ocrx_word' id='word_1_167' title='bbox 3263 2193 3296 2251; x_wconf 55' lang='grc' dir='ltr'>ι</span> <span class='ocrx_word' id='word_1_168' title='bbox 3365 2191 3386 2250; x_wconf 65' lang='lat' dir='ltr'>l</span> <span class='ocrx_word' id='word_1_169' title='bbox 3405 2177 3461 2272; x_wconf 70' lang='lat' dir='ltr'>J.</span> <span class='ocrx_word' id='word_1_170' title='bbox 3515 2189 3539 2250; x_wconf 60' lang='grc' dir='ltr'>ι</span> 
     </span>
     <span class='ocr_line' id='line_1_16' title="bbox 317 2208 3593 2334; baseline -0.004 -30"><span class='ocrx_word' id='word_1_171' title='bbox 317 2230 580 2304; x_wconf 76' lang='lat' dir='ltr'>Attenti</span> <span class='ocrx_word' id='word_1_172' title='bbox 621 2219 751 2300; x_wconf 73' lang='lat' dir='ltr'>sint</span> <span class='ocrx_word' id='word_1_173' title='bbox 795 2243 934 2296; x_wconf 86' lang='lat' dir='ltr'>non</span> <span class='ocrx_word' id='word_1_174' title='bbox 972 2241 1232 2296; x_wconf 87' lang='lat' dir='ltr'>tantum</span> <span class='ocrx_word' id='word_1_175' title='bbox 1283 2221 1367 2293; x_wconf 88' lang='lat' dir='ltr'>ad</span> <span class='ocrx_word' id='word_1_176' title='bbox 1427 2217 1790 2296; x_wconf 84' lang='lat' dir='ltr'>verborum</span> <span class='ocrx_word' id='word_1_177' title='bbox 1844 2222 2077 2297; x_wconf 85' lang='lat' dir='ltr'>sonum</span> <span class='ocrx_word' id='word_1_178' title='bbox 2108 2275 2133 2314; x_wconf 91' lang='lat'>‚</span> <span class='ocrx_word' id='word_1_179' title='bbox 2193 2217 2302 2297; x_wconf 87' lang='lat' dir='ltr'>sed</span> <span class='ocrx_word' id='word_1_180' title='bbox 2340 2227 2669 2320; x_wconf 77' lang='lat' dir='ltr'>praecipue</span> <span class='ocrx_word' id='word_1_181' title='bbox 2714 2225 2799 2298; x_wconf 82' lang='lat' dir='ltr'>ad</span> <span class='ocrx_word' id='word_1_182' title='bbox 2835 2246 2978 2300; x_wconf 85' lang='lat' dir='ltr'>rem</span> <span class='ocrx_word' id='word_1_183' title='bbox 3013 2225 3220 2320; x_wconf 84' lang='lat' dir='ltr'>ipsam</span> <span class='ocrx_word' id='word_1_184' title='bbox 3266 2210 3341 2334; x_wconf 61' lang='grc' dir='ltr'>ἅ.</span> <span class='ocrx_word' id='word_1_185' title='bbox 3377 2209 3418 2275; x_wconf 79' lang='lat' dir='ltr'><strong><em>P</em></strong></span> <span class='ocrx_word' id='word_1_186' title='bbox 3442 2215 3477 2254; x_wconf 76' lang='lat'>‘¹</span> <span class='ocrx_word' id='word_1_187' title='bbox 3538 2208 3593 2252; x_wconf 71' lang='lat'>‘³</span> 
     </span>
     <span class='ocr_line' id='line_1_17' title="bbox 315 2294 3594 2436; baseline 0.007 -37"><span class='ocrx_word' id='word_1_188' title='bbox 315 2321 539 2399; x_wconf 77' lang='lat' dir='ltr'>&#39;verbis</span> <span class='ocrx_word' id='word_1_189' title='bbox 583 2317 1010 2416; x_wconf 80' lang='lat' dir='ltr'>significatam</span> <span class='ocrx_word' id='word_1_190' title='bbox 1059 2347 1078 2390; x_wconf 77' lang='grc' dir='ltr'><em>ε</em></span> <span class='ocrx_word' id='word_1_191' title='bbox 1130 2321 1362 2394; x_wconf 85' lang='lat' dir='ltr'>attenti</span> <span class='ocrx_word' id='word_1_192' title='bbox 1427 2320 1498 2391; x_wconf 85' lang='lat' dir='ltr'>in</span> <span class='ocrx_word' id='word_1_193' title='bbox 1551 2321 1776 2413; x_wconf 87' lang='lat' dir='ltr'>primis</span> <span class='ocrx_word' id='word_1_194' title='bbox 1802 2322 1886 2394; x_wconf 88' lang='lat' dir='ltr'>ad</span> <span class='ocrx_word' id='word_1_195' title='bbox 1938 2321 2304 2419; x_wconf 68' lang='lat' dir='ltr'>scriptoris,</span> <span class='ocrx_word' id='word_1_196' title='bbox 2370 2347 2569 2417; x_wconf 89' lang='lat' dir='ltr'>quem</span> <span class='ocrx_word' id='word_1_197' title='bbox 2599 2324 2865 2419; x_wconf 84' lang='lat' dir='ltr'>legunt,</span> <span class='ocrx_word' id='word_1_198' title='bbox 2902 2321 3214 2419; x_wconf 87' lang='lat' dir='ltr'>scopum,</span> <span class='ocrx_word' id='word_1_199' title='bbox 3261 2294 3594 2436; x_wconf 34' lang='lat'>41:322?</span> 
     </span>
     <span class='ocr_line' id='line_1_18' title="bbox 318 2416 3554 2517; baseline 0 -21"><span class='ocrx_word' id='word_1_200' title='bbox 318 2423 399 2496; x_wconf 89' lang='lat' dir='ltr'>ad</span> <span class='ocrx_word' id='word_1_201' title='bbox 437 2423 792 2517; x_wconf 82' lang='lat' dir='ltr'>genuinam</span> <span class='ocrx_word' id='word_1_202' title='bbox 843 2416 1206 2492; x_wconf 83' lang='lat' dir='ltr'>verborum</span> <span class='ocrx_word' id='word_1_203' title='bbox 1227 2465 1249 2498; x_wconf 87' lang='lat'>‚</span> <span class='ocrx_word' id='word_1_204' title='bbox 1292 2441 1449 2512; x_wconf 75' lang='lat' dir='ltr'>quae</span> <span class='ocrx_word' id='word_1_205' title='bbox 1504 2419 2011 2512; x_wconf 85' lang='lat' dir='ltr'>interpretantur</span> <span class='ocrx_word' id='word_1_206' title='bbox 2035 2470 2060 2509; x_wconf 89' lang='lat'>,</span> <span class='ocrx_word' id='word_1_207' title='bbox 2111 2423 2254 2497; x_wconf 87' lang='lat' dir='ltr'>vim</span> <span class='ocrx_word' id='word_1_208' title='bbox 2308 2449 2331 2501; x_wconf 99' lang='lat'>5</span> <span class='ocrx_word' id='word_1_209' title='bbox 2389 2422 2472 2494; x_wconf 83' lang='lat' dir='ltr'>ad</span> <span class='ocrx_word' id='word_1_210' title='bbox 2519 2421 2964 2495; x_wconf 86' lang='lat' dir='ltr'>antecedentia</span> <span class='ocrx_word' id='word_1_211' title='bbox 2987 2471 3011 2508; x_wconf 91' lang='lat'>‚</span> <span class='ocrx_word' id='word_1_212' title='bbox 3062 2446 3218 2494; x_wconf 83' lang='lat' dir='ltr'>con·</span> <span class='ocrx_word' id='word_1_213' title='bbox 3263 2455 3328 2497; x_wconf 75' lang='lat' dir='ltr'>ue</span> <span class='ocrx_word' id='word_1_214' title='bbox 3383 2435 3554 2497; x_wconf 69' lang='lat' dir='ltr'>lector</span> 
     </span>
     <span class='ocr_line' id='line_1_19' title="bbox 318 2510 3568 2614; baseline 0.001 -24"><span class='ocrx_word' id='word_1_215' title='bbox 318 2519 645 2614; x_wconf 86' lang='lat' dir='ltr'>sequentia</span> <span class='ocrx_word' id='word_1_216' title='bbox 691 2547 713 2599; x_wconf 89' lang='lat'>5</span> <span class='ocrx_word' id='word_1_217' title='bbox 769 2511 855 2590; x_wconf 86' lang='lat' dir='ltr'>ad</span> <span class='ocrx_word' id='word_1_218' title='bbox 924 2517 1076 2589; x_wconf 84' lang='lat' dir='ltr'>alias</span> <span class='ocrx_word' id='word_1_219' title='bbox 1163 2514 1455 2610; x_wconf 81' lang='lat' dir='ltr'>ejusdem</span> <span class='ocrx_word' id='word_1_220' title='bbox 1510 2519 1793 2589; x_wconf 69' lang='lat' dir='ltr'>auctoris</span> <span class='ocrx_word' id='word_1_221' title='bbox 1869 2516 2211 2593; x_wconf 84' lang='lat' dir='ltr'>sententias</span> <span class='ocrx_word' id='word_1_222' title='bbox 2251 2543 2274 2599; x_wconf 86' lang='lat'>5</span> <span class='ocrx_word' id='word_1_223' title='bbox 2317 2519 2400 2591; x_wconf 88' lang='lat' dir='ltr'>ad</span> <span class='ocrx_word' id='word_1_224' title='bbox 2463 2520 2809 2594; x_wconf 86' lang='lat' dir='ltr'>clariorum</span> <span class='ocrx_word' id='word_1_225' title='bbox 2876 2521 2943 2590; x_wconf 87' lang='lat'>&amp;</span> <span class='ocrx_word' id='word_1_226' title='bbox 2990 2515 3220 2592; x_wconf 87' lang='lat' dir='ltr'>obscu-</span> <span class='ocrx_word' id='word_1_227' title='bbox 3264 2515 3330 2584; x_wconf 62' lang='grc' dir='ltr'>Ε*</span> <span class='ocrx_word' id='word_1_228' title='bbox 3385 2510 3568 2581; x_wconf 61' lang='grc' dir='ltr'>«ἔτεκ’</span> 
     </span>
     <span class='ocr_line' id='line_1_20' title="bbox 319 2610 3404 2712; baseline 0 -23"><span class='ocrx_word' id='word_1_229' title='bbox 319 2620 558 2691; x_wconf 88' lang='lat' dir='ltr'>riorum</span> <span class='ocrx_word' id='word_1_230' title='bbox 586 2666 613 2705; x_wconf 89' lang='lat'>,</span> <span class='ocrx_word' id='word_1_231' title='bbox 669 2639 825 2711; x_wconf 79' lang='lat' dir='ltr'>quae</span> <span class='ocrx_word' id='word_1_232' title='bbox 871 2612 1119 2709; x_wconf 88' lang='lat' dir='ltr'>semper</span> <span class='ocrx_word' id='word_1_233' title='bbox 1166 2640 1249 2687; x_wconf 85' lang='lat' dir='ltr'>ex</span> <span class='ocrx_word' id='word_1_234' title='bbox 1315 2610 1694 2688; x_wconf 89' lang='lat' dir='ltr'>clarioribus</span> <span class='ocrx_word' id='word_1_235' title='bbox 1763 2613 1914 2689; x_wconf 86' lang='lat' dir='ltr'>sunt</span> <span class='ocrx_word' id='word_1_236' title='bbox 1983 2617 2466 2712; x_wconf 86' lang='lat' dir='ltr'>interpretanda</span> <span class='ocrx_word' id='word_1_237' title='bbox 2494 2668 2521 2705; x_wconf 92' lang='lat'><strong><em>,</em></strong></span> <span class='ocrx_word' id='word_1_238' title='bbox 2611 2616 3137 2691; x_wconf 83' lang='lat' dir='ltr'>convenientiam</span> <span class='ocrx_word' id='word_1_239' title='bbox 3189 2645 3213 2699; x_wconf 85' lang='lat'>5</span> <span class='ocrx_word' id='word_1_240' title='bbox 3266 2617 3357 2661; x_wconf 74' lang='lat'>&#39;¹⁴⁸</span> <span class='ocrx_word' id='word_1_241' title='bbox 3384 2637 3404 2667; x_wconf 74' lang='lat'>²</span> 
     </span>
     <span class='ocr_line' id='line_1_21' title="bbox 319 2708 3200 2810; baseline 0.001 -23"><span class='ocrx_word' id='word_1_242' title='bbox 319 2715 397 2787; x_wconf 87' lang='lat' dir='ltr'>ad</span> <span class='ocrx_word' id='word_1_243' title='bbox 435 2716 904 2810; x_wconf 85' lang='lat' dir='ltr'>principiorum</span> <span class='ocrx_word' id='word_1_244' title='bbox 935 2715 1001 2785; x_wconf 68' lang='grc' dir='ltr'>ἃ</span> <span class='ocrx_word' id='word_1_245' title='bbox 1042 2708 1506 2807; x_wconf 71' lang='lat' dir='ltr'>hypothesium</span> <span class='ocrx_word' id='word_1_246' title='bbox 1551 2715 2033 2787; x_wconf 86' lang='lat' dir='ltr'>connexionem</span> <span class='ocrx_word' id='word_1_247' title='bbox 2071 2744 2094 2796; x_wconf 95' lang='lat'>5</span> <span class='ocrx_word' id='word_1_248' title='bbox 2145 2715 2230 2788; x_wconf 90' lang='lat' dir='ltr'>ad</span> <span class='ocrx_word' id='word_1_249' title='bbox 2276 2717 2508 2808; x_wconf 82' lang='lat' dir='ltr'>praxin</span> <span class='ocrx_word' id='word_1_250' title='bbox 2544 2740 2566 2793; x_wconf 91' lang='lat'>5</span> <span class='ocrx_word' id='word_1_251' title='bbox 2642 2713 2726 2785; x_wconf 88' lang='lat' dir='ltr'>ad</span> <span class='ocrx_word' id='word_1_252' title='bbox 2776 2715 3056 2787; x_wconf 87' lang='lat' dir='ltr'>rationes</span> <span class='ocrx_word' id='word_1_253' title='bbox 3131 2718 3200 2790; x_wconf 83' lang='lat'><strong>&amp;</strong></span> 
     </span>
     <span class='ocr_line' id='line_1_22' title="bbox 319 2806 3190 2907; baseline -0 -20"><span class='ocrx_word' id='word_1_254' title='bbox 319 2827 688 2907; x_wconf 81' lang='lat' dir='ltr'>‘argumenta</span> <span class='ocrx_word' id='word_1_255' title='bbox 713 2856 738 2902; x_wconf 81' lang='lat'><strong>,</strong></span> <span class='ocrx_word' id='word_1_256' title='bbox 775 2808 1022 2907; x_wconf 88' lang='lat' dir='ltr'>quibus</span> <span class='ocrx_word' id='word_1_257' title='bbox 1073 2829 1359 2905; x_wconf 78' lang='lat' dir='ltr'>quaeque</span> <span class='ocrx_word' id='word_1_258' title='bbox 1402 2806 1718 2893; x_wconf 84' lang='lat' dir='ltr'>sententia</span> <span class='ocrx_word' id='word_1_259' title='bbox 1772 2809 2091 2905; x_wconf 85' lang='lat' dir='ltr'>probatur</span> <span class='ocrx_word' id='word_1_260' title='bbox 2125 2840 2149 2892; x_wconf 88' lang='lat'>5</span> <span class='ocrx_word' id='word_1_261' title='bbox 2227 2810 2309 2883; x_wconf 90' lang='lat' dir='ltr'>ad</span> <span class='ocrx_word' id='word_1_262' title='bbox 2355 2812 2567 2884; x_wconf 63' lang='lat' dir='ltr'>mules</span> <span class='ocrx_word' id='word_1_263' title='bbox 2631 2809 2804 2903; x_wconf 80' lang='lat' dir='ltr'>alia5</span> <span class='ocrx_word' id='word_1_264' title='bbox 2855 2835 3011 2907; x_wconf 79' lang='lat' dir='ltr'>quae</span> <span class='ocrx_word' id='word_1_265' title='bbox 3072 2814 3190 2887; x_wconf 84' lang='lat' dir='ltr'>vix</span> 
     </span>
     <span class='ocr_line' id='line_1_23' title="bbox 317 2904 3208 3006; baseline 0.001 -24"><span class='ocrx_word' id='word_1_266' title='bbox 317 2916 670 2986; x_wconf 80' lang='lat' dir='ltr'>enumerari</span> <span class='ocrx_word' id='word_1_267' title='bbox 719 2907 985 3006; x_wconf 81' lang='lat' dir='ltr'>poffunt</span> <span class='ocrx_word' id='word_1_268' title='bbox 1035 2959 1062 2996; x_wconf 92' lang='lat'><strong><em>,</em></strong></span> <span class='ocrx_word' id='word_1_269' title='bbox 1129 2904 1367 3003; x_wconf 88' lang='lat' dir='ltr'>quibus</span> <span class='ocrx_word' id='word_1_270' title='bbox 1419 2929 1497 2979; x_wconf 86' lang='lat' dir='ltr'>ea</span> <span class='ocrx_word' id='word_1_271' title='bbox 1520 2954 1547 2993; x_wconf 86' lang='lat'>,</span> <span class='ocrx_word' id='word_1_272' title='bbox 1591 2931 1749 3001; x_wconf 87' lang='lat' dir='ltr'>quae</span> <span class='ocrx_word' id='word_1_273' title='bbox 1791 2906 2213 2982; x_wconf 82' lang='lat' dir='ltr'>universalius</span> <span class='ocrx_word' id='word_1_274' title='bbox 2239 2908 2365 2982; x_wconf 89' lang='lat' dir='ltr'>dici</span> <span class='ocrx_word' id='word_1_275' title='bbox 2409 2908 2712 2984; x_wconf 89' lang='lat' dir='ltr'>videntur</span> <span class='ocrx_word' id='word_1_276' title='bbox 2761 2959 2788 2998; x_wconf 83' lang='lat'><strong>,</strong></span> <span class='ocrx_word' id='word_1_277' title='bbox 2867 2911 3045 2985; x_wconf 84' lang='lat' dir='ltr'>varie</span> <span class='ocrx_word' id='word_1_278' title='bbox 3108 2937 3208 2986; x_wconf 84' lang='lat' dir='ltr'>re-</span> 
     </span>
     <span class='ocr_line' id='line_1_24' title="bbox 310 3000 3210 3107; baseline 0 -25"><span class='ocrx_word' id='word_1_279' title='bbox 310 3008 704 3105; x_wconf 86' lang='lat' dir='ltr'>stringuntur</span> <span class='ocrx_word' id='word_1_280' title='bbox 745 3024 948 3102; x_wconf 86' lang='lat' dir='ltr'>atque</span> <span class='ocrx_word' id='word_1_281' title='bbox 992 3000 1377 3079; x_wconf 84' lang='lat' dir='ltr'>limitantur.</span> <span class='ocrx_word' id='word_1_282' title='bbox 1546 3006 1879 3099; x_wconf 83' lang='lat' dir='ltr'>Legantur</span> <span class='ocrx_word' id='word_1_283' title='bbox 1927 3009 2033 3081; x_wconf 86' lang='lat' dir='ltr'>hic</span> <span class='ocrx_word' id='word_1_284' title='bbox 2072 3033 2228 3104; x_wconf 79' lang='lat' dir='ltr'>quae</span> <span class='ocrx_word' id='word_1_285' title='bbox 2266 3004 2499 3103; x_wconf 82' lang='lat' dir='ltr'>paflim</span> <span class='ocrx_word' id='word_1_286' title='bbox 2561 3006 2883 3105; x_wconf 68' lang='lat' dir='ltr'>‘Theologi</span> <span class='ocrx_word' id='word_1_287' title='bbox 2908 3058 2935 3099; x_wconf 88' lang='lat'>,</span> <span class='ocrx_word' id='word_1_288' title='bbox 3006 3008 3210 3107; x_wconf 80' lang='lat' dir='ltr'>Juris-</span> 
     </span>
     <span class='ocr_line' id='line_1_25' title="bbox 310 3102 3197 3206; baseline 0 -26"><span class='ocrx_word' id='word_1_289' title='bbox 310 3107 578 3182; x_wconf 82' lang='lat' dir='ltr'>consulti</span> <span class='ocrx_word' id='word_1_290' title='bbox 605 3158 630 3196; x_wconf 86' lang='lat'>‚</span> <span class='ocrx_word' id='word_1_291' title='bbox 684 3132 760 3182; x_wconf 86' lang='lat' dir='ltr'>ac</span> <span class='ocrx_word' id='word_1_292' title='bbox 785 3106 1009 3202; x_wconf 79' lang='lat' dir='ltr'>Log‘ici</span> <span class='ocrx_word' id='word_1_293' title='bbox 1024 3155 1049 3194; x_wconf 91' lang='lat'>‚</span> <span class='ocrx_word' id='word_1_294' title='bbox 1088 3103 1170 3177; x_wconf 91' lang='lat' dir='ltr'>de</span> <span class='ocrx_word' id='word_1_295' title='bbox 1224 3106 1758 3198; x_wconf 88' lang='lat' dir='ltr'>interpretatione</span> <span class='ocrx_word' id='word_1_296' title='bbox 1795 3156 1820 3195; x_wconf 91' lang='lat'>‚</span> <span class='ocrx_word' id='word_1_297' title='bbox 1869 3102 2163 3206; x_wconf 90' lang='lat' dir='ltr'>bonique</span> <span class='ocrx_word' id='word_1_298' title='bbox 2215 3108 2583 3205; x_wconf 86' lang='lat' dir='ltr'>interpretis</span> <span class='ocrx_word' id='word_1_299' title='bbox 2641 3104 2866 3197; x_wconf 84' lang='lat' dir='ltr'>officio</span> <span class='ocrx_word' id='word_1_300' title='bbox 2914 3108 3197 3184; x_wconf 71' lang='lat' dir='ltr'>docente</span> 
     </span>
     <span class='ocr_line' id='line_1_26' title="bbox 310 3200 2237 3302; baseline 0.001 -23"><span class='ocrx_word' id='word_1_301' title='bbox 310 3220 520 3300; x_wconf 84' lang='lat' dir='ltr'>neque</span> <span class='ocrx_word' id='word_1_302' title='bbox 567 3207 860 3302; x_wconf 81' lang='lat' dir='ltr'>legantur</span> <span class='ocrx_word' id='word_1_303' title='bbox 922 3219 1186 3277; x_wconf 85' lang='lat' dir='ltr'>tantum</span> <span class='ocrx_word' id='word_1_304' title='bbox 1210 3253 1237 3292; x_wconf 87' lang='lat'><em>‚</em></span> <span class='ocrx_word' id='word_1_305' title='bbox 1291 3202 1402 3275; x_wconf 88' lang='lat' dir='ltr'>sed</span> <span class='ocrx_word' id='word_1_306' title='bbox 1449 3200 1737 3299; x_wconf 77' lang='lat' dir='ltr'>religiose</span> <span class='ocrx_word' id='word_1_307' title='bbox 1785 3202 2237 3281; x_wconf 77' lang='lat' dir='ltr'>observentur.</span> 
     </span>
    </p>
   </div>
   <div class='ocr_carea' id='block_1_5' title="bbox 167 3360 3579 4658">
    <p class='ocr_par' dir='ltr' id='par_1_6' title="bbox 167 3360 3579 4658">
     <span class='ocr_line' id='line_1_27' title="bbox 488 3360 3579 3475; baseline -0.004 -15"><span class='ocrx_word' id='word_1_308' title='bbox 488 3374 579 3459; x_wconf 77' lang='lat' dir='ltr'>At</span> <span class='ocrx_word' id='word_1_309' title='bbox 629 3406 766 3459; x_wconf 87' lang='lat' dir='ltr'>non</span> <span class='ocrx_word' id='word_1_310' title='bbox 820 3396 1148 3458; x_wconf 80' lang='lat' dir='ltr'>attentum</span> <span class='ocrx_word' id='word_1_311' title='bbox 1198 3380 1406 3455; x_wconf 83' lang='lat' dir='ltr'>modo</span> <span class='ocrx_word' id='word_1_312' title='bbox 1461 3376 1787 3455; x_wconf 81' lang='lat' dir='ltr'>librorum</span> <span class='ocrx_word' id='word_1_313' title='bbox 1828 3384 2141 3457; x_wconf 65' lang='lat' dir='ltr'>lectorem</span> <span class='ocrx_word' id='word_1_314' title='bbox 2188 3377 2337 3452; x_wconf 70' lang='lat' dir='ltr'>effer</span> <span class='ocrx_word' id='word_1_315' title='bbox 2387 3374 2572 3457; x_wconf 85' lang='lat' dir='ltr'>decet</span> <span class='ocrx_word' id='word_1_316' title='bbox 2618 3425 2643 3468; x_wconf 85' lang='lat'>,</span> <span class='ocrx_word' id='word_1_317' title='bbox 2694 3379 2810 3475; x_wconf 88' lang='lat' dir='ltr'>qui</span> <span class='ocrx_word' id='word_1_318' title='bbox 2859 3376 2929 3451; x_wconf 90' lang='lat' dir='ltr'>in</span> <span class='ocrx_word' id='word_1_319' title='bbox 2984 3360 3207 3472; x_wconf 68' lang='lat' dir='ltr'>Logo:</span> <span class='ocrx_word' id='word_1_320' title='bbox 3257 3364 3330 3440; x_wconf 54' lang='grc' dir='ltr'>(θ’</span> <span class='ocrx_word' id='word_1_321' title='bbox 3362 3394 3579 3444; x_wconf 61' lang='grc' dir='ltr'>σαυππε·</span> 
     </span>
     <span class='ocr_line' id='line_1_28' title="bbox 297 3474 3574 3569; baseline -0.002 -13.163"><span class='ocrx_word' id='word_1_322' title='bbox 297 3483 577 3556; x_wconf 79' lang='lat' dir='ltr'>machias</span> <span class='ocrx_word' id='word_1_323' title='bbox 628 3482 904 3557; x_wconf 90' lang='lat' dir='ltr'>incidere</span> <span class='ocrx_word' id='word_1_324' title='bbox 946 3505 1085 3555; x_wconf 92' lang='lat' dir='ltr'>non</span> <span class='ocrx_word' id='word_1_325' title='bbox 1130 3480 1280 3553; x_wconf 86' lang='lat' dir='ltr'>vult</span> <span class='ocrx_word' id='word_1_326' title='bbox 1317 3530 1342 3568; x_wconf 87' lang='lat'>‚</span> <span class='ocrx_word' id='word_1_327' title='bbox 1420 3478 1525 3553; x_wconf 82' lang='lat' dir='ltr'>sed</span> <span class='ocrx_word' id='word_1_328' title='bbox 1575 3499 1834 3553; x_wconf 81' lang='lat' dir='ltr'>cautum</span> <span class='ocrx_word' id='word_1_329' title='bbox 1875 3490 2062 3554; x_wconf 87' lang='lat' dir='ltr'>etiam</span> <span class='ocrx_word' id='word_1_330' title='bbox 2106 3474 2199 3563; x_wconf 56' lang='grc' dir='ltr'>ἓξ</span> <span class='ocrx_word' id='word_1_331' title='bbox 2230 3479 2735 3569; x_wconf 60' lang='grc' dir='ltr'>εὶνεκηιῇεᾶκηι.</span> <span class='ocrx_word' id='word_1_332' title='bbox 2822 3478 2953 3551; x_wconf 88' lang='lat' dir='ltr'>Res</span> <span class='ocrx_word' id='word_1_333' title='bbox 2985 3476 3074 3548; x_wconf 87' lang='lat' dir='ltr'>illi</span> <span class='ocrx_word' id='word_1_334' title='bbox 3101 3475 3193 3549; x_wconf 91' lang='lat' dir='ltr'>est</span> <span class='ocrx_word' id='word_1_335' title='bbox 3568 3504 3574 3511; x_wconf 93' lang='lat'><strong>·</strong></span> 
     </span>
     <span class='ocr_line' id='line_1_29' title="bbox 191 3572 3191 3677; baseline -0.001 -24"><span class='ocrx_word' id='word_1_336' title='bbox 191 3596 234 3669; x_wconf 72' lang='lat'>,¹¹</span> <span class='ocrx_word' id='word_1_337' title='bbox 295 3596 452 3653; x_wconf 72' lang='lat' dir='ltr'>icum</span> <span class='ocrx_word' id='word_1_338' title='bbox 500 3578 718 3653; x_wconf 79' lang='lat' dir='ltr'>verbis</span> <span class='ocrx_word' id='word_1_339' title='bbox 749 3620 775 3668; x_wconf 62' lang='lat'>5</span> <span class='ocrx_word' id='word_1_340' title='bbox 816 3579 1053 3677; x_wconf 89' lang='lat' dir='ltr'>quibus</span> <span class='ocrx_word' id='word_1_341' title='bbox 1116 3580 1276 3652; x_wconf 89' lang='lat' dir='ltr'>nihil</span> <span class='ocrx_word' id='word_1_342' title='bbox 1315 3576 1408 3652; x_wconf 89' lang='lat' dir='ltr'>est</span> <span class='ocrx_word' id='word_1_343' title='bbox 1458 3576 1744 3650; x_wconf 84' lang='lat' dir='ltr'>fallacius</span> <span class='ocrx_word' id='word_1_344' title='bbox 1802 3606 1820 3648; x_wconf 73' lang='lat' dir='ltr'>x</span> <span class='ocrx_word' id='word_1_345' title='bbox 1894 3578 2078 3673; x_wconf 90' lang='lat' dir='ltr'>quod</span> <span class='ocrx_word' id='word_1_346' title='bbox 2132 3574 2532 3670; x_wconf 80' lang='lat' dir='ltr'>promittunt</span> <span class='ocrx_word' id='word_1_347' title='bbox 2577 3572 2878 3648; x_wconf 89' lang='lat' dir='ltr'>scribenti</span> <span class='ocrx_word' id='word_1_348' title='bbox 2928 3624 2953 3662; x_wconf 86' lang='lat'>‚</span> <span class='ocrx_word' id='word_1_349' title='bbox 3050 3600 3191 3649; x_wconf 88' lang='lat' dir='ltr'>non</span> 
     </span>
     <span class='ocr_line' id='line_1_30' title="bbox 167 3669 3191 3772; baseline -0.002 -19"><span class='ocrx_word' id='word_1_350' title='bbox 167 3688 190 3727; x_wconf 77' lang='grc'>·’</span> <span class='ocrx_word' id='word_1_351' title='bbox 294 3678 600 3772; x_wconf 77' lang='lat' dir='ltr'>praestant</span> <span class='ocrx_word' id='word_1_352' title='bbox 623 3716 650 3766; x_wconf 88' lang='lat'>·,</span> <span class='ocrx_word' id='word_1_353' title='bbox 705 3676 811 3750; x_wconf 88' lang='lat' dir='ltr'>sed</span> <span class='ocrx_word' id='word_1_354' title='bbox 863 3673 1200 3772; x_wconf 76' lang='lat' dir='ltr'>faepiffime</span> <span class='ocrx_word' id='word_1_355' title='bbox 1242 3670 1307 3752; x_wconf 63' lang='lat' dir='ltr'>&amp;c</span> <span class='ocrx_word' id='word_1_356' title='bbox 1353 3675 1732 3772; x_wconf 81' lang='lat' dir='ltr'>scriptorem</span> <span class='ocrx_word' id='word_1_357' title='bbox 1782 3678 1847 3749; x_wconf 86' lang='lat'>&amp;</span> <span class='ocrx_word' id='word_1_358' title='bbox 1895 3677 2207 3749; x_wconf 68' lang='lat' dir='ltr'>ledor-em</span> <span class='ocrx_word' id='word_1_359' title='bbox 2257 3669 2604 3768; x_wconf 89' lang='lat' dir='ltr'>decipiunt.</span> <span class='ocrx_word' id='word_1_360' title='bbox 2740 3669 2838 3747; x_wconf 82' lang='lat' dir='ltr'>Ac</span> <span class='ocrx_word' id='word_1_361' title='bbox 2881 3674 3191 3748; x_wconf 66' lang='lat' dir='ltr'>lec‘tcrem</span> 
     </span>
     <span class='ocr_line' id='line_1_31' title="bbox 291 3767 3196 3872; baseline -0.003 -18"><span class='ocrx_word' id='word_1_362' title='bbox 291 3777 552 3869; x_wconf 82' lang='lat' dir='ltr'>quidem</span> <span class='ocrx_word' id='word_1_363' title='bbox 628 3774 813 3848; x_wconf 76' lang='lat' dir='ltr'>facile</span> <span class='ocrx_word' id='word_1_364' title='bbox 884 3778 1273 3871; x_wconf 86' lang='lat' dir='ltr'>plerumque</span> <span class='ocrx_word' id='word_1_365' title='bbox 1338 3774 1631 3872; x_wconf 86' lang='lat' dir='ltr'>decipere</span> <span class='ocrx_word' id='word_1_366' title='bbox 1673 3772 1971 3869; x_wconf 83' lang='lat' dir='ltr'>poffunt-</span> <span class='ocrx_word' id='word_1_367' title='bbox 1987 3827 2012 3864; x_wconf 82' lang='lat'>,</span> <span class='ocrx_word' id='word_1_368' title='bbox 2060 3769 2113 3845; x_wconf 85' lang='lat' dir='ltr'>fi</span> <span class='ocrx_word' id='word_1_369' title='bbox 2156 3767 2502 3846; x_wconf 87' lang='lat' dir='ltr'>absurdam</span> <span class='ocrx_word' id='word_1_370' title='bbox 2553 3771 2851 3867; x_wconf 88' lang='lat' dir='ltr'>scriptori</span> <span class='ocrx_word' id='word_1_371' title='bbox 2892 3770 3196 3846; x_wconf 83' lang='lat' dir='ltr'>tribuunt</span> 
     </span>
     <span class='ocr_line' id='line_1_32' title="bbox 291 3869 3196 3971; baseline -0.001 -26"><span class='ocrx_word' id='word_1_372' title='bbox 291 3874 667 3950; x_wconf 82' lang='lat' dir='ltr'>sententiam</span> <span class='ocrx_word' id='word_1_373' title='bbox 713 3902 732 3945; x_wconf 73' lang='grc' dir='ltr'><em>ε</em></span> <span class='ocrx_word' id='word_1_374' title='bbox 785 3875 1043 3947; x_wconf 72' lang='grc' dir='ltr'>Ιὲᾶοεὶε</span> <span class='ocrx_word' id='word_1_375' title='bbox 1087 3878 1264 3948; x_wconf 86' lang='lat' dir='ltr'>enim</span> <span class='ocrx_word' id='word_1_376' title='bbox 1309 3874 1618 3971; x_wconf 80' lang='lat' dir='ltr'>philautia</span> <span class='ocrx_word' id='word_1_377' title='bbox 1662 3890 1816 3946; x_wconf 88' lang='lat' dir='ltr'>cum</span> <span class='ocrx_word' id='word_1_378' title='bbox 1873 3874 1994 3949; x_wconf 87' lang='lat' dir='ltr'>illis</span> <span class='ocrx_word' id='word_1_379' title='bbox 2039 3869 2313 3945; x_wconf 84' lang='lat' dir='ltr'>colludit</span> <span class='ocrx_word' id='word_1_380' title='bbox 2349 3921 2374 3958; x_wconf 83' lang='lat'>,</span> <span class='ocrx_word' id='word_1_381' title='bbox 2426 3873 2618 3967; x_wconf 84' lang='lat' dir='ltr'>eique</span> <span class='ocrx_word' id='word_1_382' title='bbox 2662 3871 3001 3966; x_wconf 86' lang='lat' dir='ltr'>persuadet</span> <span class='ocrx_word' id='word_1_383' title='bbox 3034 3919 3061 3958; x_wconf 89' lang='lat'>,</span> <span class='ocrx_word' id='word_1_384' title='bbox 3115 3892 3196 3945; x_wconf 91' lang='lat' dir='ltr'>ut</span> 
     </span>
     <span class='ocr_line' id='line_1_33' title="bbox 290 3966 3197 4066; baseline -0 -22"><span class='ocrx_word' id='word_1_385' title='bbox 290 3972 354 4044; x_wconf 86' lang='lat' dir='ltr'>in</span> <span class='ocrx_word' id='word_1_386' title='bbox 395 3972 724 4046; x_wconf 86' lang='lat' dir='ltr'>erroribus</span> <span class='ocrx_word' id='word_1_387' title='bbox 772 3974 1055 4065; x_wconf 83' lang='lat' dir='ltr'>aliorum</span> <span class='ocrx_word' id='word_1_388' title='bbox 1114 3966 1443 4046; x_wconf 83' lang='lat' dir='ltr'>credendis</span> <span class='ocrx_word' id='word_1_389' title='bbox 1540 3973 1717 4044; x_wconf 88' lang='lat' dir='ltr'>haud</span> <span class='ocrx_word' id='word_1_390' title='bbox 1761 3971 2097 4046; x_wconf 71' lang='lat' dir='ltr'>difficilem</span> <span class='ocrx_word' id='word_1_391' title='bbox 2141 3967 2205 4043; x_wconf 90' lang='lat' dir='ltr'>se</span> <span class='ocrx_word' id='word_1_392' title='bbox 2260 3967 2603 4061; x_wconf 63' lang='lat' dir='ltr'>praebeam</span> <span class='ocrx_word' id='word_1_393' title='bbox 2671 3972 2739 4043; x_wconf 91' lang='lat' dir='ltr'>id</span> <span class='ocrx_word' id='word_1_394' title='bbox 2789 3973 2965 4045; x_wconf 90' lang='lat' dir='ltr'>enim</span> <span class='ocrx_word' id='word_1_395' title='bbox 3004 3968 3197 4066; x_wconf 74' lang='lat' dir='ltr'>supra&#39;</span> 
     </span>
     <span class='ocr_line' id='line_1_34' title="bbox 286 4065 3193 4164; baseline 0 -23"><span class='ocrx_word' id='word_1_396' title='bbox 286 4070 433 4144; x_wconf 86' lang='lat' dir='ltr'>alios</span> <span class='ocrx_word' id='word_1_397' title='bbox 498 4069 564 4143; x_wconf 85' lang='lat' dir='ltr'>fe</span> <span class='ocrx_word' id='word_1_398' title='bbox 606 4065 854 4144; x_wconf 87' lang='lat' dir='ltr'>efferre.</span> <span class='ocrx_word' id='word_1_399' title='bbox 1003 4068 1357 4145; x_wconf 88' lang='lat' dir='ltr'>Versemur</span> <span class='ocrx_word' id='word_1_400' title='bbox 1424 4072 1622 4164; x_wconf 88' lang='lat' dir='ltr'>igitur</span> <span class='ocrx_word' id='word_1_401' title='bbox 1672 4072 1741 4142; x_wconf 92' lang='lat' dir='ltr'>in</span> <span class='ocrx_word' id='word_1_402' title='bbox 1794 4072 2071 4146; x_wconf 69' lang='lat' dir='ltr'>lectione</span> <span class='ocrx_word' id='word_1_403' title='bbox 2141 4065 2465 4142; x_wconf 86' lang='lat' dir='ltr'>librorum</span> <span class='ocrx_word' id='word_1_404' title='bbox 2490 4148 2497 4155; x_wconf 54' lang='grc'><em>,</em></span> <span class='ocrx_word' id='word_1_405' title='bbox 2519 4089 2831 4164; x_wconf 86' lang='lat' dir='ltr'>tanquam</span> <span class='ocrx_word' id='word_1_406' title='bbox 2874 4072 2946 4142; x_wconf 92' lang='lat' dir='ltr'>in</span> <span class='ocrx_word' id='word_1_407' title='bbox 3017 4086 3193 4142; x_wconf 88' lang='lat' dir='ltr'>terra</span> 
     </span>
     <span class='ocr_line' id='line_1_35' title="bbox 287 4162 3192 4265; baseline -0.001 -25"><span class='ocrx_word' id='word_1_408' title='bbox 287 4170 612 4265; x_wconf 78' lang='lat' dir='ltr'>peregrina</span> <span class='ocrx_word' id='word_1_409' title='bbox 643 4218 668 4257; x_wconf 86' lang='lat'>,</span> <span class='ocrx_word' id='word_1_410' title='bbox 725 4169 1068 4265; x_wconf 74' lang='lat' dir='ltr'>valeatque</span> <span class='ocrx_word' id='word_1_411' title='bbox 1115 4162 1220 4241; x_wconf 77' lang='lat' dir='ltr'>hie</span> <span class='ocrx_word' id='word_1_412' title='bbox 1255 4189 1448 4241; x_wconf 83' lang='lat' dir='ltr'>vetus</span> <span class='ocrx_word' id='word_1_413' title='bbox 1495 4168 1677 4240; x_wconf 73' lang='lat' dir='ltr'>illiud</span> <span class='ocrx_word' id='word_1_414' title='bbox 1704 4218 1728 4255; x_wconf 88' lang='lat'>‚</span> <span class='ocrx_word' id='word_1_415' title='bbox 1781 4176 1922 4249; x_wconf 67' lang='grc' dir='ltr'>’νᾶφῑ</span> <span class='ocrx_word' id='word_1_416' title='bbox 1972 4165 2111 4254; x_wconf 67' lang='grc' dir='ltr'>ξοῗῦε</span> <span class='ocrx_word' id='word_1_417' title='bbox 2172 4169 2271 4254; x_wconf 58' lang='grc' dir='ltr'>ζα)</span> <span class='ocrx_word' id='word_1_418' title='bbox 2327 4172 2600 4254; x_wconf 71' lang='grc' dir='ltr'>μίμνασο</span> <span class='ocrx_word' id='word_1_419' title='bbox 2674 4165 2921 4246; x_wconf 56' lang='lat' dir='ltr'>dvx-1523</span> <span class='ocrx_word' id='word_1_420' title='bbox 2966 4194 2986 4238; x_wconf 72' lang='lat' dir='ltr'>t</span> <span class='ocrx_word' id='word_1_421' title='bbox 3041 4188 3192 4240; x_wconf 85' lang='lat' dir='ltr'>tum</span> 
     </span>
     <span class='ocr_line' id='line_1_36' title="bbox 286 4263 3192 4361; baseline -0.002 -20"><span class='ocrx_word' id='word_1_422' title='bbox 286 4271 604 4361; x_wconf 74' lang='lat' dir='ltr'>praecipue</span> <span class='ocrx_word' id='word_1_423' title='bbox 655 4316 680 4354; x_wconf 87' lang='lat'>‚</span> <span class='ocrx_word' id='word_1_424' title='bbox 743 4278 903 4339; x_wconf 72' lang='lat' dir='ltr'>‘cum</span> <span class='ocrx_word' id='word_1_425' title='bbox 971 4267 1177 4343; x_wconf 88' lang='lat' dir='ltr'>verba</span> <span class='ocrx_word' id='word_1_426' title='bbox 1228 4266 1551 4361; x_wconf 80' lang='lat' dir='ltr'>scriptoris</span> <span class='ocrx_word' id='word_1_427' title='bbox 1607 4263 1963 4339; x_wconf 89' lang='lat' dir='ltr'>absurdum</span> <span class='ocrx_word' id='word_1_428' title='bbox 2017 4263 2227 4337; x_wconf 88' lang='lat' dir='ltr'>dicere</span> <span class='ocrx_word' id='word_1_429' title='bbox 2266 4263 2595 4336; x_wconf 79' lang='lat' dir='ltr'>videntur.</span> <span class='ocrx_word' id='word_1_430' title='bbox 2732 4264 2896 4336; x_wconf 91' lang='lat' dir='ltr'>Non</span> <span class='ocrx_word' id='word_1_431' title='bbox 2944 4265 3192 4359; x_wconf 88' lang='lat' dir='ltr'>impru-</span> 
     </span>
     <span class='ocr_line' id='line_1_37' title="bbox 271 4340 3579 4480; baseline -0 -47"><span class='ocrx_word' id='word_1_432' title='bbox 271 4363 430 4436; x_wconf 69' lang='lat' dir='ltr'>dens</span> <span class='ocrx_word' id='word_1_433' title='bbox 484 4364 576 4438; x_wconf 89' lang='lat' dir='ltr'>est</span> <span class='ocrx_word' id='word_1_434' title='bbox 621 4365 984 4439; x_wconf 87' lang='lat' dir='ltr'>Florentini</span> <span class='ocrx_word' id='word_1_435' title='bbox 1041 4369 1375 4442; x_wconf 87' lang='lat' dir='ltr'>monitum</span> <span class='ocrx_word' id='word_1_436' title='bbox 1393 4415 1419 4452; x_wconf 90' lang='lat'><strong>,</strong></span> <span class='ocrx_word' id='word_1_437' title='bbox 1461 4383 1540 4438; x_wconf 81' lang='lat' dir='ltr'>ut</span> <span class='ocrx_word' id='word_1_438' title='bbox 1579 4366 1715 4463; x_wconf 73' lang='lat' dir='ltr'>quic</span> <span class='ocrx_word' id='word_1_439' title='bbox 1735 4413 1759 4450; x_wconf 88' lang='lat'>‚</span> <span class='ocrx_word' id='word_1_440' title='bbox 1814 4388 1957 4436; x_wconf 83' lang='lat' dir='ltr'>cum</span> <span class='ocrx_word' id='word_1_441' title='bbox 1995 4362 2204 4455; x_wconf 85' lang='lat' dir='ltr'>hostem</span> <span class='ocrx_word' id='word_1_442' title='bbox 2256 4361 2502 4459; x_wconf 83' lang='lat' dir='ltr'>aliquid</span> <span class='ocrx_word' id='word_1_443' title='bbox 2539 4383 2711 4456; x_wconf 82' lang='lat' dir='ltr'>agere</span> <span class='ocrx_word' id='word_1_444' title='bbox 2751 4366 2946 4433; x_wconf 76' lang='lat' dir='ltr'>cernit</span> <span class='ocrx_word' id='word_1_445' title='bbox 2967 4412 2990 4448; x_wconf 89' lang='lat'>‚</span> <span class='ocrx_word' id='word_1_446' title='bbox 3032 4360 3199 4460; x_wconf 78' lang='lat' dir='ltr'>quod</span> <span class='ocrx_word' id='word_1_447' title='bbox 3240 4340 3369 4406; x_wconf 63' lang='lat' dir='ltr'>Lib·</span> <span class='ocrx_word' id='word_1_448' title='bbox 3409 4362 3465 4480; x_wconf 68' lang='lat'>1³³⁹</span> <span class='ocrx_word' id='word_1_449' title='bbox 3506 4342 3579 4406; x_wconf 55' lang='grc' dir='ltr'>ὅ*</span> 
     </span>
     <span class='ocr_line' id='line_1_38' title="bbox 278 4424 3464 4569; baseline -0.002 -36"><span class='ocrx_word' id='word_1_450' title='bbox 278 4461 582 4537; x_wconf 76' lang='lat' dir='ltr'>abhorrere</span> <span class='ocrx_word' id='word_1_451' title='bbox 612 4463 911 4536; x_wconf 81' lang='lat' dir='ltr'>videatur</span> <span class='ocrx_word' id='word_1_452' title='bbox 932 4467 974 4534; x_wconf 71' lang='grc' dir='ltr'><em>ἆ</em></span> <span class='ocrx_word' id='word_1_453' title='bbox 1001 4474 1235 4540; x_wconf 81' lang='lat' dir='ltr'>ratione</span> <span class='ocrx_word' id='word_1_454' title='bbox 1249 4514 1273 4553; x_wconf 86' lang='lat'>‚</span> <span class='ocrx_word' id='word_1_455' title='bbox 1285 4462 1627 4556; x_wconf 77' lang='lat' dir='ltr'>suspicetur</span> <span class='ocrx_word' id='word_1_456' title='bbox 1639 4513 1664 4549; x_wconf 85' lang='lat'><strong><em>,</em></strong></span> <span class='ocrx_word' id='word_1_457' title='bbox 1692 4462 1899 4535; x_wconf 83' lang='lat' dir='ltr'>dolum</span> <span class='ocrx_word' id='word_1_458' title='bbox 1915 4457 2171 4554; x_wconf 70' lang='lat' dir='ltr'><em>subff.</em></span> <span class='ocrx_word' id='word_1_459' title='bbox 2266 4457 2373 4529; x_wconf 86' lang='lat' dir='ltr'>Ita</span> <span class='ocrx_word' id='word_1_460' title='bbox 2386 4456 2534 4530; x_wconf 86' lang='lat' dir='ltr'>sane</span> <span class='ocrx_word' id='word_1_461' title='bbox 2548 4459 2921 4550; x_wconf 82' lang='lat' dir='ltr'>cogitemus</span> <span class='ocrx_word' id='word_1_462' title='bbox 2946 4505 2969 4541; x_wconf 86' lang='lat'>,</span> <span class='ocrx_word' id='word_1_463' title='bbox 2993 4455 3201 4529; x_wconf 87' lang='lat' dir='ltr'>verba</span> <span class='ocrx_word' id='word_1_464' title='bbox 3240 4424 3464 4569; x_wconf 43' lang='lat'>{⁶922</span> 
     </span>
     <span class='ocr_line' id='line_1_39' title="bbox 276 4548 3204 4658; baseline -0.004 -27"><span class='ocrx_word' id='word_1_465' title='bbox 276 4563 553 4636; x_wconf 63' lang='lat' dir='ltr'>audictis</span> <span class='ocrx_word' id='word_1_466' title='bbox 592 4586 732 4633; x_wconf 91' lang='lat' dir='ltr'>non</span> <span class='ocrx_word' id='word_1_467' title='bbox 769 4559 1032 4654; x_wconf 90' lang='lat' dir='ltr'>prorsus</span> <span class='ocrx_word' id='word_1_468' title='bbox 1082 4561 1448 4658; x_wconf 77' lang='lat' dir='ltr'>desipientis</span> <span class='ocrx_word' id='word_1_469' title='bbox 1503 4613 1528 4649; x_wconf 86' lang='lat'>,</span> <span class='ocrx_word' id='word_1_470' title='bbox 1581 4585 1733 4635; x_wconf 87' lang='lat' dir='ltr'>cum</span> <span class='ocrx_word' id='word_1_471' title='bbox 1782 4557 2138 4632; x_wconf 85' lang='lat' dir='ltr'>absurdum</span> <span class='ocrx_word' id='word_1_472' title='bbox 2186 4548 2395 4627; x_wconf 86' lang='lat' dir='ltr'>dicere</span> <span class='ocrx_word' id='word_1_473' title='bbox 2441 4554 2748 4627; x_wconf 86' lang='lat' dir='ltr'>videntur</span> <span class='ocrx_word' id='word_1_474' title='bbox 2773 4604 2798 4641; x_wconf 90' lang='lat'>,</span> <span class='ocrx_word' id='word_1_475' title='bbox 2847 4572 2975 4623; x_wconf 85' lang='lat' dir='ltr'>nos</span> <span class='ocrx_word' id='word_1_476' title='bbox 3038 4552 3204 4620; x_wconf 85' lang='lat' dir='ltr'>deci-</span> 
     </span>
    </p>
   </div>
   <div class='ocr_carea' id='block_1_6' title="bbox 270 4649 3209 4827">
    <p class='ocr_par' dir='ltr' id='par_1_7' title="bbox 270 4649 3209 4827">
     <span class='ocr_line' id='line_1_40' title="bbox 270 4649 3209 4827; baseline -0.007 -90"><span class='ocrx_word' id='word_1_477' title='bbox 270 4683 416 4748; x_wconf 79' lang='lat' dir='ltr'>pere</span> <span class='ocrx_word' id='word_1_478' title='bbox 441 4712 470 4755; x_wconf 86' lang='lat'>‚</span> <span class='ocrx_word' id='word_1_479' title='bbox 533 4661 607 4735; x_wconf 83' lang='lat' dir='ltr'>in</span> <span class='ocrx_word' id='word_1_480' title='bbox 637 4655 894 4733; x_wconf 84' lang='lat' dir='ltr'>infidias</span> <span class='ocrx_word' id='word_1_481' title='bbox 923 4710 950 4749; x_wconf 87' lang='lat'>,</span> <span class='ocrx_word' id='word_1_482' title='bbox 988 4663 1059 4736; x_wconf 91' lang='lat' dir='ltr'>in</span> <span class='ocrx_word' id='word_1_483' title='bbox 1098 4660 1612 4757; x_wconf 85' lang='lat' dir='ltr'>chomachiam</span> <span class='ocrx_word' id='word_1_484' title='bbox 1632 4711 1663 4751; x_wconf 85' lang='lat'>.‚</span> <span class='ocrx_word' id='word_1_485' title='bbox 1743 4683 1897 4755; x_wconf 82' lang='lat' dir='ltr'>quae</span> <span class='ocrx_word' id='word_1_486' title='bbox 1947 4682 2078 4735; x_wconf 82' lang='lat' dir='ltr'>nos</span> <span class='ocrx_word' id='word_1_487' title='bbox 2132 4649 2418 4727; x_wconf 86' lang='lat' dir='ltr'>ludibrio</span> <span class='ocrx_word' id='word_1_488' title='bbox 2451 4653 2805 4727; x_wconf 86' lang='lat' dir='ltr'>hominum</span> <span class='ocrx_word' id='word_1_489' title='bbox 2856 4658 3209 4827; x_wconf 52' lang='grc' dir='ltr'>(3)(ρὲᾃὲιυῖ</span> 
     </span>
    </p>
   </div>
  </div>
 </body>
</html>
