4188 5670
813 291 1608 397 Assaxrgqnzq
1715 312 1843 373 ετ
1923 294 2681 389 Quies-nonas:
3080 332 3246 410 ‘¹75

323 470 604 563 tatione
626 468 1058 567 menfiirantis,
1096 486 1532 579 comparatur.
1579 473 1748 551 -His
1791 472 2155 553 &martius
2190 476 2489 573 expenfis
2518 530 2543 566 ,
2598 477 2800 557 facilis
2848 486 2940 563 est
2988 489 3247 585 respon.

305 574 413 649 fio
447 601 476 658 ‚·
520 573 816 673 pfinum
859 572 926 645 ἃ.
959 562 1232 649 tertium
1270 568 1390 651 effe
1448 572 1625 651 entia
1675 572 1924 665 realia.
1974 596 2190 668 neque
2238 581 2429 661 ,enim
2471 579 2731 653 duratio
2782 605 3054 677 motus,
3112 587 3248 664 five

298 676 404 771 rei
455 668 942 771 cujuscunque,
989 666 1082 751 ab
1132 662 1827 771 ejusexistentianifi
1871 674 2157 767 ratione·
2206 670 2671 772 distinguitur-‚1
2741 683 3083 768 Qartum
3131 714 3247 761 ens

300 772 639 867 rationis,
689 795 830 869 non
867 766 1134 869 quidem
1183 768 1511 871 0bj02ffi15‘?
1561 766 1660 861 sse
1682 770 1976 867 dictinii,
2027 762 2173 846 five.
2210 775 2392 865 quod
2442 775 2589 848 ideo
2616 793 2876 851 tantum
2903 782 2995 857 est
3025 835 3052 872 ‚
3090 788 3243 880 quia

299 871 699 964 cogitationi
753 891 924 940 meae
977 862 1285 958 objicitur
1309 878 1361 956 ,“
1385 862 1491 943 sed
1533 863 1829 941 effective
1876 875 2098 965 potius
2144 872 2211 941 &
2235 869 2596 989 subjerstive
2618 926 2642 962 ,
2670 878 2825 967 quia
2874 882 2938 955 &
2974 882 3012 953 ὲ
3053 909 3241 969 men-

282 988 357 1040 te
409 969 620 1042 oritur
663 969 730 1040 &
781 968 851 1038 in
891 986 1113 1036 mente
1155 962 1239 1038 fit
1261 1016 1283 1050 ,
1333 968 1619 1062 nihilque
1682 967 1857 1039 aliud
1914 968 2005 1040 est
2042 993 2120 1041 ac
2193 965 2429 1062 spec1es
2476 974 2904 1065 cogitationis,
3003 982 3240 1055 Secun-

278 1066 525 1153 dum,
576 1066 759 1161 quod
808 1059 1002 1137 nobis
1047 1065 1309 1158 proprie
1354 1085 1614 1169 tempus
1662 1064 1897 1165 dicitur
1919 1117 1943 1165 ,
1973 1067 2417 1166 neutrumest.
2534 1070 2698 1142 Non
2726 1096 2840 1143 ens
2873 1078 3042 1150 reale
3066 1130 3090 1166 ‚
3139 1082 3237 1153 ni.

273 1164 375 1237 hil
446 1166 540 1239 rei
587 1164 766 1236 enim
815 1157 1175 1235 existentiae
1212 1182 1334 1234 ‘aut
1384 1156 1715 1237 durationi
1772 1162 1954 1238 addit
1975 1216 2001 1254 ,
2050 1163 2158 1237 sed
2200 1166 2395 1259 hujus
2428 1168 2634 1239 modo
2686 1194 2839 1241 cum
2863 1175 2986 1257 alia
3025 1173 3232 1266 σχίσιν

273 1262 511 1336 innuit
539 1290 566 1345 ς
611 1285 830 1355 neque
873 1278 992 1330 ens
1023 1259 1304 1333 ratioriis
1331 1310 1356 1346 ,
1414 1261 1506 1339 est
1550 1261 1726 1337 enim
1759 1261 1976 1377 aliqua
2020 1314 2046 1351 ‚
2103 1279 2182 1335 ut
2237 1264 2405 1339 inter
2474 1290 2696 1339 rerum
2743 1269 3158 1367 egoenfiones
3199 1322 3226 1360 ,

273 1360 376 1445 ita
413 1362 584 1433 inter
611 1383 848 1435 rerum
879 1356 1253 1433 durationes
1305 1360 1472 1439 tatio
1499 1410 1531 1451 ,ι
1569 1357 1676 1439 vel
1715 1383 1976 1437 nemine
2005 1361 2351 1457 cogitante.
2428 1362 2745 1454 Ejusdem(
2768 1368 2944 1463 ‘ergo
2981 1371 3232 1447 realita-

268 1459 358 1531 tis
390 1456 490 1530 est
521 1478 717 1552 atque
756 1454 984 1531 omnia
1023 1451 1113 1550 τρὶ
1153 1454 1318 1557 ερὲς
1356 1488 1432 1555 τι
1461 1510 1486 1538 ‚
1530 1482 1818 1559 quorum
1863 1455 2094 1548 σχέσεις
2137 1462 2275 1532 non
2324 1462 2396 1533 in
2431 1454 2791 1537 solidans&
2834 1486 3056 1549 mente
3077 1492 3232 1565 pen.

266 1554 461 1631 dent.
539 1555 807 1647 Quibus
836 1605 864 1645 ‚
913 1546 968 1623 fi
1018 1557 1210 1655 quand
1258 1554 1435 1633 aliud
1473 1579 1732 1633 nomen
1772 1556 2091 1652 impertiri
2127 1558 2288 1631 velis
2306 1608 2334 1647 ,
2376 1561 2611 1667 gratias
2634 1561 3045 1645 habebimus.

1332 1758 1903 1849 qums-r.
2042 1754 2187 1830 ΙΙ.

483 1909 593 1984 An
639 1928 860 2004 tempus
908 1911 982 1981 ἃ
1012 1906 1257 2027 quando
1304 1903 1623 1982 differunt
1649 1908 1688 1981 ἲ
1728 1908 1921 2005 Resp.
2004 1910 2279 2008 Qaendo
2314 1917 2445 1998 rei,
2489 1912 2583 1986 ita
2631 1907 2908 1986 barbare
2951 1915 3224 1990 vocafitv

265 2004 568 2080 dicimus
629 2006 850 2097 σχίσιν
911 2026 1119 2095 entis,
1174 2030 1304 2098 qua
1340 2007 1425 2078 ad
1476 2007 1907 2100 quaestionem
1952 2010 2194 2138 quando
2229 2026 2378 2105 apte
2440 2010 2881 2106 respondetur.
2994 2014 3171 2086 Hinc
3196 2059 3222 2096 ‚

269 2102 516 2179 obiter
567 2126 923 2177 monemus
947 2154 972 2193 ‚
1033 2100 1341 2199 ambigue
1381 2104 1507 2177 dici
1550 2107 1814 2181 videtur
1839 2158 1864 2195 ‚
1911 2141 1983 2181 το
2011 2110 2254 2208 quando
2308 2104 2428 2180 effe
2456 2159 2479 2196 ‚
2539 2134 2675 2204 quo
2722 2135 2822 2181 res
2873 2111 3224 2206 aliquando

265 2198 411 2275 effe
471 2205 614 2274 &c.'
670 2203 997 2274 dicuntur.
1077 2204 1429 2294 Qaerenti
1483 2206 1659 2277 enim
1681 2256 1706 2292 ‚
1746 2206 2009 2300 quando
2056 2207 2295 2281 vixerit
2333 2206 2549 2303 Julius
2573 2206 2836 2295 Caesar,
2882 2204 2932 2279 fi
2957 2209 3248 2304 respon-‘

181 2320 185 2329 ·
263 2300 467 2371 detes
497 2351 523 2385 ‚
572 2300 924 2391 aliquando
945 2328 975 2384 ,-
1020 2325 1164 2372 me.
1224 2303 1306 2373 δι’
1330 2303 1567 2372 merito
1600 2302 1864 2396 quidem
1889 2354 1914 2392 ‚
1956 2302 2218 2379 illusum
2263 2328 2580 2398 quererer.
2728 2306 3001 2401 Duplex
3026 2309 3226 2401 igitur

265 2394 491 2468 sensus
525 2392 620 2469 est
654 2396 851 2488 hujus
900 2398 1273 2491 quaestionis
1295 2448 1323 2486 ,
1373 2399 1615 2492 quando
1643 2427 1663 2470 ε
1692 2418 1806 2475 aut
1829 2404 2004 2474 enim
2046 2401 2366 2497 quaeritur
2389 2455 2415 2493 ‚
2454 2427 2783 2503 quantum
2829 2401 3072 2477 abhinc
3098 2406 3223 2476 du-

278 2497 531 2567 raverit
572 2520 676 2569 res
719 2496 932 2589 aliqua
983 2498 1145 2570 mihi
1178 2515 1344 2569 nota
1382 2519 1448 2567 v.
1481 2523 1576 2594 gr.
1637 2520 1860 2575 motus
1894 2500 2058 2575 Solis
2085 2553 2109 2591 ‚
2146 2524 2230 2576 ex
2269 2527 2405 2596 quo
2429 2504 2568 2575 hoc
2591 2505 2735 2592 „de
2780 2527 2916 2596 quo
2958 2526 3218 2594 quaere,

277 2591 400 2665 effe
446 2593 689 2687 incepit
719 2614 837 2666 aut
874 2592 1113 2681 defiit;
1165 2591 1303 2668 five
1350 2616 1679 2691 quantum
1727 2600 2040 2672 duratura
2079 2596 2163 2673 fit
2210 2600 2357 2694 post
2399 2602 2563 2688 hac,
2608 2602 2825 2673 donec
2877 2597 2997 2671 fiat
3023 2651 3046 2686 ,
3113 2599 3223 2671 vel

276 2689 401 2763 effe
436 2690 703 2764 desinat.
784 2695 968 2766 Tum
1018 2691 1422 2788 respondeo,
1481 2692 1672 2768 verbi
1716 2697 1922 2791 gratia
1945 2746 1969 2783 ‚
2025 2721 2234 2770 annos
2266 2694 2505 2769 abhinc
2558 2693 2835 2769 sedecim
2872 2695 3032 2785 effe,
3064 2722 3219 2771 cum

279 2786 460 2862 sa'cro
507 2789 690 2863 fonte
726 2784 838 2863 fisi'
885 2788 1197 2875 ablutus,·
1238 2797 1526 2886 quinque
1565 2787 1929 2869 effluxuros
1955 2843 1988 2890 Q,
2040 2815 2397 2890 antequam
2435 2793 2779 2870 Ministerii
2831 2796 3108 2891 gradum
3151 2820 3222 2869 a·

281 2884 501 2983 dipisci
533 2890 740 2961 liceat.
822 2887 1062 2983 Estque
1086 2940 1112 2977 ‚
1163 2892 1286 2962 hac
1317 2896 1574 2964 ratione
1595 2940 1619 2977 ‚
1663 2892 1737 2962 τὸ
1780 2890 2023 2991 quando
2052 2889 2256 2981 σχῶ-κς
2294 2892 2650 2967 existentiae
2696 2894 2963 2987 alicujus
3011 2898 3102 2968 rei
3132 2893 3216 2968 ad

203 3062 212 3070 ,
282 2985 706 3059 durationem
736 2989 830 3059 rei
873 3006 1057 3059 notae
1084 3038 1107 3073 ,
1154 2987 1311 3084 'quac
1352 2991 1522 3062 inter
1579 2989 1758 3061 illam
1806 2992 1874 3061 8c
1938 2988 2204 3084 aliquod
2249 3011 2669 3066 momentum
2720 2988 3067 3067 definitum
3118 2991 3217 3066 ef.

277 3081 494 3156 fluxit.
616 3086 756 3159 Aut
804 3084 1133 3157 vocabulo
1159 3089 1407 3187 quando
1457 3107 1721 3161 tantum
1777 3088 2101 3184 quaeritur
2124 3139 2147 3175 ,
2204 3113 2361 3161 cum
2389 3097 2519 3186 qua
2562 3116 2631 3163 re
2656 3093 2921 3166 notiore
2960 3116 3064 3165 res
3102 3092 3215 3164 illa

277 3181 571 3276 ignotior
624 3180 813 3255 fimul
873 3184 1162 3258 extiterit
1186 3236 1211 3272 ,
1258 3206 1337 3257 ut
1371 3183 1418 3257 fi
1463 3187 1833 3281 quaerenti,
1897 3188 2161 3281 quando
2209 3186 2580 3262 Aristoteles
2628 3192 2869 3262 vixerit
2890 3239 2913 3274 ‚
2957 3187 3218 3282 respon-

277 3282 406 3351 deo
444 3276 565 3352 sub
616 3280 910 3382 Imperio⁸
956 3276 1309 3355 Alexandri
1357 3285 1456 3358 M.
1511 3281 1728 3377 estque
1773 3285 1902 3357 hoc
1943 3283 2126 3356 sensu
2162 3284 2324 3355 nihil
2368 3287 2543 3358 aliud
2588 3293 2788 3379 quam
2834 3285 2934 3355 rei
2974 3280 3212 3377 quaefi-

272 3396 368 3450 tae
406 3402 564 3450 cum
608 3380 740 3450 alia*
782 3398 944 3454 nota
1001 3378 1432 3452 coexistentia.
1501 3380 1837 3473 Utroque
1881 3380 2061 3454 sensu
2133 3382 2173 3450 a
2238 3400 2545 3474 tempore
2596 3385 2956 3474 plurimum
2984 3378 3212 3456 distat.

268 3475 537 3560 Priori,
579 3497 658 3546 ut
701 3479 986 3549 maxime
1047 3495 1308 3572 tempus
1360 3500 1682 3571 conceptu
1719 3476 1857 3552 ,suo
1903 3477 2247 3562 involvat,
2293 3502 2431 3549 non
2476 3500 2700 3550 tamen
2759 3478 2929 3549 illius
2960 3480 3052 3549 rei
3078 3528 3101 3564 ,
3131 3478 3216 3552 de

268 3599 401 3669 qua
419 3621 448 3672 3
458 3576 815 3668 quaerimus
837 3626 858 3657 ‚
922 3577 1191 3668 quando
1234 3574 1434 3648 fuerit
1485 3575 1592 3647 vel
1647 3567 1872 3648 flatura
1910 3571 2013 3646 fit.
2088 3569 2435 3647 Posteriori
2482 3598 2600 3648 nec
2646 3575 2729 3647 ad
2767 3571 3207 3670 durationem,

236 3689 239 3693 “
270 3696 392 3750 nec
460 3672 548 3750 ad
591 3672 753 3775 ejus.¹
777 3676 1211 3770 quantitatem
1280 3674 1659 3750 attenditur.

1186 3796 1817 3913 'Quffis'm
1913 3824 2271 3902 1111..

467 3982 575 4055 An
616 3977 896 4077 praesens
937 3973 1027 4052 est
1061 4002 1207 4071 pars
1234 3979 1550 4071 temporis
1573 3971 1610 4048 ἲ
1656 3974 1848 4072 Resp.
1877 3975 2227 4071 Temporis
2257 3980 2519 4072 proprie
2544 3977 2743 4053 nullae
2776 3972 2926 4054 sunt
2963 3995 3207 4076 μέτες,

269 4083 488 4175 n'eque
537 4083 712 4153 enim
749 4093 965 4175 partes
1009 4074 1160 4148 sunt
1209 4075 1591 4168 quantitatis
1639 4072 1751 4146 sed
1807 4077 2092 4169 quanti,
2150 4099 2293 4148 non
2359 4079 2826 4169 magnitudinis
2873 4077 2980 4153 sed
3023 4080 3218 4152 dura-

274 4180 498 4255 tionis.
598 4179 818 4271 Hujus
858 4197 1082 4252 autem
1133 4196 1444 4268 quaenam
1503 4168 1632 4242 fint
1676 4192 1894 4266 partes
1926 4221 1951 4259 ,
2017 4173 2086 4244 in
2129 4171 2575 4248 affertionibus
2625 4178 2930 4250 diximus.
3033 4178 3216 4264 Sitne

270 4277 556 4369 praesens
604 4279 744 4370 ejus
787 4302 939 4373 pars
981 4273 1301 4367 quaeritur
1334 4283 1372 4355 ,·‘
1414 4272 1627 4368 immo
1666 4252 2100 4366 quae'rendum
2141 4274 2534 4367 eratpr'ius5
2580 4271 2792 4347 finme
2827 4274 2965 4362 ejus
3000 4269 3217 4366 partes

271 4376 683 4467 praeteritum
732 4377 797 4447 &
837 4374 1160 4448 futurum.
1239 4368 1480 4464 Neque
1535 4368 1712 4439 enim
1764 4387 1903 4442 tem
1935 4386 2173 4464 partes.
2209 4369 2327 4464 effe
2374 4370 2647 4462 judico,
2731 4392 2934 4462 quam
2979 4366 3219 4460 species

273 4475 620 4569 temporis.
708 4471 1008 4567 Tempus
1045 4470 1223 4543 'enim
1272 4466 1374 4560 est,
1418 4468 1520 4540 vel
1565 4484 1789 4538 totum
1830 4465 2239 4561 praeteritum
2278 4466 2311 4559 (
2334 4464 2613 4558 praesens
2669 4467 2733 4537 in
2777 4455 3223 4536 controversia

269 4567 421 4664 est)
490 4572 596 4647 vel
658 4587 882 4645 totum
915 4567 1437 4653 'fiiturumsvel
1485 4561 1790 4637 constans
1833 4565 2195 4737 pranterigo‘
2228 4568 2293 4637 &
2345 4564 2573 4636 futuro
2598 4612 2624 4651 ,
2652 4561 2881 4634 ·veluti
2913 4555 2983 4628 fi·
3002 4561 3225 4714 tti21t13111n1¹
