4188 5670
438 4821 454 4834 ‚
514 4778 667 4829 tant.

965 389 1066 468 56
1392 381 2022 463 DrssnRT.
2138 403 2285 462 nn
2385 381 3431 464 Lo·'oo.MAcn118

594 524 759 590 Offic·
787 529 823 591 ¹·
848 548 901 596 ²·
947 527 972 554 s
1148 557 1254 630 Ex
1283 559 1510 635 eadem
1562 535 1762 637 musa?
1796 564 1919 656 fit,
1947 584 2029 640 ut
2071 561 2438 661 priscorum
2461 561 2830 635 Rhetorum
2883 556 3112 651 scripta
3146 558 3474 656 'egentes’
3538 593 3674 642 ⁰0¹¹
3704 569 3859 647 sem·

954 678 1071 750 per
1114 658 1268 749 quid
1306 657 1426 733 fibi
1460 662 1664 737 velint
1699 717 1721 753 ,
1781 668 2233 762 intelligamus.
2381 661 2741 756 Distinguit
2788 660 3019 731 Cicero
3074 657 3429 735 dictionem
3461 666 3858 744 vehementem

952 754 1406 830 Demosthenis
1449 769 1484 832 a
1537 762 1703 836 dulci
1767 765 2196 860 Theophrasti
2249 767 2315 838 ἃ
2372 759 2694 834 Demetrii
2739 756 3047 832 Phalerei·
3117 759 3441 854 Loquitur
3486 765 3726 844 alicubi
3780 772 3858 843 de

952 858 1206 929 actione
1252 857 1555 933 oratoris
1599 864 1951 939 admirabili
1974 916 2000 954 ,
2029 868 2207 958 plena
2223 864 2494 957 spiritus,
2513 861 2689 955 plena
2732 857 3015 930 veritati}
3031 906 3056 943 ‚
3079 859 3253 949 plena
3277 862 3533 935 doloris:
3576 868 3695 961 qui
3719 869 3858 942 haec

875 979 880 984 ’
949 979 1292 1050 nunquam
1331 962 1798 1058 eodensprope
1840 966 2048 1040 modo
2072 1014 2097 1051 ,
2129 989 2264 1058 quo
2288 962 2519 1035 Cicero
2542 1011 2567 1047 ‚
2618 953 2807 1030 sensit
2834 1009 2857 1044 ,
2909 952 3114 1029 verba
3162 958 3300 1051 ejus
3349 962 3531 1034 audit
3555 1015 3579 1051 ‚
3625 967 3789 1038 nihil
3825 1019 3850 1055 ‚

574 1014 827 1081 Herem·
950 1072 1067 1126 aut
1102 1058 1275 1133 aliud
1317 1085 1516 1154 quarn
1560 1062 1790 1134 Cicero
1816 1115 1840 1150 ‚
1893 1063 2212 1157 intelligit.
2365 1060 2505 1148 Qi
2549 1056 2749 1131 libros
2798 1056 3304 1130 Rhetoricorum
3332 1060 3414 1132 ad
3440 1064 3850 1139 Herennium

567 1095 610 1158 ι
638 1121 695 1175 ⁴⁸
942 1152 1188 1249 scripsit
1209 1208 1232 1246 ,
1277 1158 1609 1252 distinguit
1644 1212 1667 1247 ,
1730 1164 2097 1235 orationem
2125 1164 2194 1233 in
2228 1165 2605 1256 magm'ficam
2633 1208 2657 1244 ‚
2705 1156 3093 1241 mediocrem,
3124 1174 3384 1230 tenuem·
3551 1165 3756 1251 QOd
3802 1161 3853 1236 fi

945 1257 1438 1352 quis,exemplis
1486 1255 1573 1330 ab
1609 1260 1842 1332 eodem
1891 1261 2121 1334 additis
2154 1284 2294 1331 non
2336 1282 2417 1329 eo
2456 1255 2660 1328 ferme
2693 1255 2897 1326 modo
2935 1287 2969 1339 ,·
3012 1275 3209 1348 atque
3257 1256 3366 1333 iste
3410 1258 3662 1333 Rhetor
3682 1311 3704 1349 ,
3761 1260 3852 1335 af-

946 1357 1163 1429 ficitur
1190 1409 1214 1444 ‚
1251 1358 1394 1430 haec
1437 1359 1573 1450 ejus
1614 1358 1817 1431 verba
1857 1352 1992 1432 non
2032 1359 2223 1453 capit.
2369 1357 2555 1428 Idem
2583 1349 2774 1425 nobis
2814 1351 3089 1439 accidit,
3170 1378 3325 1426 cum
3352 1356 3732 1453 Longinum
3769 1360 3850 1435 de

943 1449 1249 1543 sublimi,
1303 1457 1795 1551 Hermogenem
1838 1459 1919 1530 de
1964 1458 2121 1531 ideis
2177 1455 2302 1526 suis
2326 1504 2351 1542 ‚
2382 1452 2818 1550 disputantem
2850 1450 3167 1525 audimus.
3924 1463 3925 1466 ’

554 1611 871 1756 223125'*
1051 1643 1054 1648 ⁵
1133 1653 1311 1726 Hinc
1356 1646 1604 1726 fanum
1646 1654 1735 1726 est
1755 1704 1779 1741 ,
1809 1675 1887 1727 ut
1915 1655 2141 1727 omnia
2182 1650 2555 1739 vocabula,
2609 1674 2762 1744 quae
2798 1646 3051 1722 nostros
3090 1651 3171 1724 de
3219 1649 3416 1728 rebus
3456 1652 3668 1727 sensus
3730 1655 3852 1755 sig..

557 1770 894 1848 quaetnostros
937 1747 1206 1846 nificant
1228 1803 1251 1838 ,
1299 1771 1376 1823 ut
1413 1755 1481 1824 in
1508 1778 1792 1845 quorum
1833 1750 2302 1847 significatione
2347 1767 2629 1825 accurate
2682 1749 3028 1820 convenire
3093 1775 3231 1823 non
3283 1758 3619 1848 potuimus
3649 1805 3672 1840 ,
3740 1758 3852 1829 ali-

554 1851 798 1912 derebus
895 1865 900 1870 ·
936 1850 1093 1945 quid
1138 1850 1580 1945 ambiguitatis
1621 1850 1930 1925 habeant.
2033 1852 2257 1945 Negat
2279 1851 2385 1922 hic
2416 1902 2438 1938 ‚
2482 1849 2669 1922 dulce
2700 1845 2821 1919 effe
2868 1845 3065 1934 suave
3097 1846 3428 1926 :affirmat
3455 1855 3634 1925 alter.
3716 1853 3854 1928 Ve-

493 2014 497 2018 <
534 1929 728 2032 sensns
905 1957 1004 2020 'ra
1040 1947 1482 2034 controversia
1507 1949 1649 2036 est,
1687 1947 1734 2021 si
1784 1952 1961 2022 idem
2008 1952 2316 2045 utrinque
2343 1950 2552 2022 suavis
2586 1944 2912 2039 dulcisque
2934 1948 3201 2020 nomine
3219 1951 3612 2046 intelligitur.
3691 1953 3848 2042 Fac,

530 2009 892 2155 {ifinffiss‘m'
934 2049 1005 2119 in
1050 2048 1177 2118 hoc
1210 2044 1327 2118 effe
1362 2045 1740 2119 consensum
1773 2099 1797 2136 ,
1860 2049 2041 2143 quod
2094 2067 2370 2142 uterque
2406 2047 2675 2120 nomine
2730 2045 2934 2116 dulcis
2979 2045 3047 2116 id
3091 2049 3388 2144 intelligit
3413 2102 3435 2138 ,
3472 2051 3651 2143 quod
3710 2051 3851 2122 sen-

546 2112 885 2257 amqbiguzm.
930 2147 1058 2235 tit,
1110 2171 1266 2218 cum
1310 2147 1438 2217 mel
1469 2144 1698 2240 gustat.
1781 2150 1871 2221 At
1926 2150 2068 2241 quis
2124 2145 2284 2235 scit,
2334 2172 2417 2218 an
2463 2146 2636 2219 idem
2686 2142 2961 2214 sentiant
2989 2143 3023 2212 ἲ
3088 2145 3271 2218 Idem
3339 2149 3705 2241 objectum‘
3738 2152 3851 2222 ali-

546 2263 618 2314 tis
639 2258 853 2329 habent.
928 2265 1024 2318 ter
1080 2245 1320 2337 hujus,
1378 2246 1557 2317 aliter
1593 2246 1758 2317 illius
1791 2245 2057 2344 sensum
2094 2245 2309 2339 potest
2359 2239 2639 2317 afficere.
2756 2244 2836 2315 In
2877 2241 3210 2314 vocabulo
3243 2244 3463 2334 suavis
3507 2246 3851 2321 manifesta

889 2337 1015 2417 'est
1066 2345 1496 2435 homonymia
1542 2370 1560 2413 ε
1612 2343 1887 2437 qui³ibet
1929 2346 2049 2416 hac
2092 2369 2256 2417 voce
2314 2344 2613 2439 intelligit
2645 2389 2670 2428 ‚
2747 2341 2941 2434 quod³
2974 2339 3185 2432 gustui
3250 2339 3365 2411 suo
3405 2362 3673 2433 gratum.
3724 2346 3846 2418 est.

917 2443 1071 2534 Jam
1117 2444 1334 2537 exigat
1363 2443 1596 2536 aliquis
1650 2443 1746 2513 ad¹
1772 2440 2197 2538 oppositionis
2244 2444 2412 2537 leges
2461 2444 2575 2514 has
2619 2439 2780 2512 duas
2814 2437 3344 2509 enunciationes:
3394 2439 3601 2526 Qod
3646 2439 3850 2517 sentit

903 2542 1145 2613 Petrus
1180 2592 1202 2628 ,
1255 2564 1406 2612 cum
1454 2541 1578 2611 mel
1616 2539 1828 2635 gustat
1860 2593 1885 2629 ,
1924 2541 2140 2636 gustui
2192 2542 2365 2614 Petri
2409 2540 2501 2612 est
2543 2559 2824 2634 gratum.
2893 2536 3099 2624 Qod
3153 2534 3345 2609 sentit
3393 2537 3630 2609 Paulus
3682 2561 3841 2613 cum
3930 2591 3937 2601 -

919 2640 1044 2710 mel
1087 2639 1301 2732 gustat
1331 2690 1353 2726 ,
1388 2639 1568 2711 Pauli
1603 2637 1817 2733 gustui
1855 2639 1944 2711 est
1974 2644 2303 2731 ingratum
2343 2664 2362 2707 x
2414 2637 2670 2708 idemne
2704 2637 2785 2707 de
2815 2635 3047 2707 eodem
3079 2629 3413 2707 affirmant
3442 2638 3506 2707 &
3528 2657 3776 2730 negant
3806 2638 3843 2714 ‚⁹
3877 2697 3883 2706 .
3930 2689 3939 2706 ,

915 2735 1005 2807 Et
1027 2756 1276 2828 ,ttamen
1311 2738 1688 2829 hujusmodi
1730 2737 2192 2833 disputationes
2220 2735 2724 2811 innumerabiles
2766 2732 2914 2807 sunt
2934 2786 2959 2823 ‚
3002 2733 3294 2807 ubinon
3335 2734 3547 2826 major
3568 2784 3594 2822 ‚
3630 2761 3834 2830 quam

883 2842 896 2937 ’Β
915 2831 1022 2901 hic
1038 2881 1074 2925 ἶ,
1126 2833 1223 2939 est
1263 2832 1727 2908 sententiarum
1769 2834 2117 2932 oppositio.

3914 2423 3925 2462 l

1017 3079 1055 3111 ·‹,-
1085 3026 1469 3114 Diximus,
1518 3031 2050 3123 eloquentiffimie
2087 3035 2371 3105 accidere
2397 3084 2421 3120 ,
2463 3052 2541 3104 ut
2583 3029 2730 3101 suos
2770 3030 2852 3101 de
2885 3027 3082 3101 rebus
3135 3028 3347 3103 sensus
3376 3030 3595 3113 verbis
3627 3024 3835 3128 expli.
3950 3073 3956 3081 ·

914 3147 1244 3217 carmmn
1284 3123 1535 3218 ‚possint
1570 3153 1588 3197 ε
1627 3129 1691 3198 id
1729 3154 1891 3203 vero
1925 3153 2061 3199 non
2112 3132 2179 3201 in
2229 3129 2373 3199 solis
2418 3126 2696 3202 vocibus
2746 3122 2959 3200 sensus
3006 3124 3522 3229 significantibus
3546 3181 3573 3219 ‚
3600 3130 3728 3209 tsled
3748 3136 3837 3205 in
3870 3166 3933 3197 ·.:

906 3225 1222 3320 omnibus
1262 3221 1393 3297 fere
1415 3224 1781 3315 “vocabulis
1840 3224 2113 3324 plebejis
2161 3226 2540 3301 hominibus
2594 3225 2997 3318 contingeret
3023 3275 3045 3313 ,
3097 3223 3148 3297 fi
3198 3220 3439 3300 ex‘illis
3504 3255 3879 3325 quaerent-a

909 3346 1020 3400 tur
1043 3377 1066 3415 ,
1115 3322 1275 3420 quid
1317 3324 1411 3396 his
1450 3324 1667 3397 verbis
1707 3329 2059 3422 intelligere
2114 3327 2345 3400 velint.
2423 3328 2648 3401 Nemo
2708 3325 3060 3397 hominum
3088 3325 3180 3397 est
3205 3378 3230 3413 ,
3287 3329 3402 3420 qui
3454 3327 3727 3421 globum
3784 3334 3826 3400 ἐι

907 3425 1204 3516 cylindro
1252 3441 1447 3517 atque
1494 3424 1615 3497 alia
1662 3451 2047 3523 quacunque
2088 3423 2302 3524 figura
2333 3453 2471 3500 non
2492 3426 2865 3522 distinguat.
2982 3427 3232 3509 Qaere
3289 3449 3372 3494 ex
3397 3424 3628 3498 rustico
3656 3428 3823 3518 quid

904 3520 990 3592 sit
1043 3522 1280 3614 globus
1316 3522 1349 3590 ’.Ι
1382 3522 1728 3600 ,haerebitt
1790 3533 1917 3603 hoc
1941 3528 2271 3620 explicare
2325 3552 2462 3599 non
2503 3525 2762 3618 poterit.
2837 3516 3122 3592 Nullum
3166 3512 3679 3609 videlicetJdliud
3721 3526 3875 3615 iti-54
3971 3575 3978 3587 .

901 3635 1002 3690 ter
1051 3618 1435 3711 globum&
1485 3622 1853 3713 cylindrum
1891 3623 2228 3696 discrimen
2264 3627 2493 3708 novit,
2553 3641 2751 3715 quam
2804 3619 2982 3709 quod
3021 3616 3211 3691 sentit
3266 3669 3290 3706 ‚
3356 3619 3579 3697 vifiim.
3625 3621 3819 3697 suu‘m
3891 3668 3934 3693 -,

903 3716 1179 3805 aliter-231.
1205 3717 1409 3809 globo
1439 3767 1466 3803 ‚
1500 3719 1681 3791 aliter
1723 3724 1762 3791 ὲ
1805 3717 2099 3811 cylindro
2144 3718 2316 3792 affici
2359 3720 2557 3792 solere
2599 3747 2618 3787 ε
2695 3716 2870 3787 hunc
2916 3739 3074 3786 vero
3142 3706 3395 3811 sensum
3448 3723 3819 3814 exprimere
3854 3782 3863 3791 .

900 3813 1305 3907 verbianon
1339 3814 1602 3907 potest..
1647 3817 1802 3908 Jam
1849 3815 2088 3905 siquis
2133 3816 2493 3889 considerat
2523 3866 2544 3903 ,
2633 3816 2883 3905 linguas
2921 3810 3265 3907 'plerasque
3291 3867 3315 3902 ‚
3378 3842 3519 3889 non
3567 3820 3606 3889 a
3652 3818 3839 3915 sapi*

902 3910 1163 3987 entibus
1191 3961 1216 3997 ‚
1277 3908 1380 3980 sed
1408 3910 1444 3979 ἐι
1487 3913 1693 4009 'vulgo
1716 3967 1740 4002 ‚
1770 3940 1907 3988 non
1952 3931 2131 3984 certo
2185 3912 2448 3985 confilio
2474 3965 2498 4000 ,
2555 3912 2660 3984 sed
2707 3931 2786 3984 ut
2836 3908 3087 3985 occasio
3121 3911 3183 4010 se
3206 3913 3473 4012 obtulit
3496 3966 3523 4003 ,
3550 3918 3822 4003 ›in'ven-

897 4030 997 4085 tas
1042 4005 1161 4080 effe
1187 4036 1213 4090 ,-
1259 4003 1438 4078 facile
1471 4011 1757 4104 judicare
1786 4012 2029 4107 poterit
2055 4063 2077 4101 ,
2118 4035 2317 4108 quam
2349 4032 2647 4085 accurate
2682 4012 2754 4084 in
2797 4007 3264 4106 significatione
3318 4016 3815 4102 vocabulorum

529 4116 754 4175 Dantur
900 4104 1326 4183 convenerint
1367 4106 1412 4175 ii
1438 4159 1459 4193 ‚
1502 4136 1789 4203 quorum
1825 4112 2038 4183 nullus
2081 4112 2309 4196 alteri,
2385 4111 2497 4183 uid
2536 4110 2866 4185 vocabulo
2898 4111 3115 4203 aliquo
3162 4102 3480 4204 fignificet
3503 4162 3527 4201 ,
3580 4111 3815 4189 saltem

521 4194 799 4257 v⁰⁶⁰¹m¹⁴²
902 4209 1069 4281 clare
1119 4218 1313 4296 atque
1370 4202 1659 4282 distinete
1685 4261 1710 4299 ‚
1768 4210 1977 4284 dicere
2032 4208 2354 4303 potuiffet.

520 4440 772 4520 idquefi.
1090 4410 1182 4487 At
1201 4397 1441 4503 praete'r
1463 4406 1788 4483 vocabula
1812 4407 2155 4504 ambigua,
2180 4436 2336 4506 quae
2372 4410 2545 4483 aliud
2570 4413 2640 4481 in
2665 4407 2883 4501 hujus,
2911 4410 3083 4485 aliud
3109 4398 3177 4483 in
3222 4410 3387 4484 illius
3427 4439 3565 4504 ore,
3592 4409 3697 4486 vel
3730 4413 3811 4486 in

517 4527 659 4596 mul,
687 4543 776 4579 res
889 4529 1011 4581 ore
1038 4509 1226 4583 unius
1246 4530 1421 4587 nunc
1442 4509 1771 4595 hoc,nunc
1797 4509 1954 4581 illud
1989 4504 2384 4600 significatum
2417 4511 2652 4581 dantur
2676 4507 2799 4579 alia
2819 4558 2844 4594 ‚
2892 4535 3045 4602 quae
3066 4511 3302 4605 pariter
3322 4510 3656 4601 πολὺσημαι
3687 4535 3811 4605 ap-

453 4638 462 4647 ·
515 4602 800 4680 diverszffi.
888 4605 1110 4700 ,pellar-i
1125 4604 1383 4702 possunt
1405 4634 1430 4689 ‚·
1459 4607 1747 4701 intelligo
1771 4604 2097 4681 vocabula
2119 4608 2356 4700 quaein
2376 4606 2568 4676 unius
2587 4604 3197 4700 ore‚idq;s1mul‚res
3217 4604 3669 4681 diverfiffimas
3686 4609 3805 4680 de.

516 4700 638 4742 ”m
666 4688 825 4745 ‘²⁰⁸⁰-
883 4725 1145 4819 Potant,
1173 4707 1556 4818 Cum-enim
1584 4708 1821 4803 vulgus
1854 4704 2436 4819 bominummulta
2459 4701 2852 4796 confundat,
2901 4734 3054 4805 quae
3077 4707 3521 4803 distinguenda
3542 4726 3734 4879 Ξὲἔιῑ
3768 4756 3802 4799 ,

1859 4818 1864 4822 .
1945 4822 1972 4831 -.
2104 4833 2119 4841 .
2360 4816 2369 4821 ·
3676 4821 3805 4878 Um
