4188 5670
1147 273 1276 332 on
1357 248 2385 371 Aaoumcimnsip
3085 277 3247 364 227->
3336 300 3346 306 .

311 518 316 523 ,
512 438 566 522 A
616 445 635 467 '
729 530 736 535 ,
770 440 853 516 de
884 456 1276 536 argumento
1300 432 1570 512 Cartefii
1592 485 1618 526 ,
1666 420 1849 533 quod
1872 434 2135 511 refuto:
2190 438 2340 511 dico
2363 489 2391 526 ‚
2418 438 2487 511 in
2509 437 2619 514 illo
2653 441 2970 539 supponi,
3010 433 3236 525 Ideam
3358 516 3363 527 ,

329 543 445 620 Dei
495 570 530 616 e
577 571 614 618 e
659 542 883 616 Ideam
936 539 1059 612 Rei
1084 564 1106 609 ε
1169 563 1284 633 per
1324 560 1465 610 rem
1507 560 1669 609 vero
1714 530 1778 615 fi,
1811 535 2208 631 intelligatur
2253 539 2386 609 Ens
2439 540 2677 628 reale‚·
2705 567 2862 614 vere
2898 566 3086 619 extra
3139 553 3235 621 in-
3363 604 3372 622 .

324 646 646 717 tellectum
695 639 967 714 existens
991 667 1017 721 ,-
1065 634 1342 751 supponi
1389 635 1455 708 id
1514 636 1695 729 quod
1723 656 2115 729 argumento
2167 635 2258 708 est
2303 634 2722 732 probandum
2744 691 2768 726 ‚
2809 643 2873 713 &
2906 646 3045 736 peti
3064 650 3237 738 prin-

327 744 617 838 cipium.⁸
658 738 854 814 Num
891 758 1098 808 unum
1152 737 1456 829 idemque
1501 732 1598 805 ‘est
1620 784 1645 820 ‚
1671 734 1942 805 dicere:
1982 759 2101 806 non
2134 738 2355 826 constat
2387 786 2410 822 ‚
2447 736 2654 809 Ideam
2702 744 2829 811 Dei
2868 741 2979 833 effi
3019 744 3234 824 Ideam
3355 786 3369 817 .-

322 849 485 913 .Entis
527 839 710 912 realis
748 835 898 909 vere
954 837 1291 928 existentia
1336 835 1404 906 ἃ
1451 831 1662 904 dicere
1681 862 1701 902 .-
1756 831 1864 904 boc
1928 858 2045 904 non
2084 832 2535 925 supponendum
2576 838 2651 922 est
2712 844 2780 908 in
2826 861 3175 934 argumento
3203 892 3231 929 ‚

320 966 434 1038 quo
471 941 843 1031 existentiam
891 942 1014 1009 Dei
1052 934 1342 1005 volumus
1376 928 1628 1024 probare
1650 929 1686 1000 ἲ
1750 930 1817 1004 Si
1844 928 1992 1002 dico
2015 981 2042 1018 ‚
2109 936 2482 1024 extstentiam
2528 939 2654 1008 Dei
2720 961 2836 1007 non
2882 931 3236 1109 effissppo.

293 1026 570 1110 'nendum
592 1082 610 1109 ,
636 1054 669 1109 t
691 1057 813 1108 unc
834 1056 973 1107 cum
998 1031 1164 1105 illam
1208 1031 1598 1123 demonstrare
1630 1030 1914 1103 volumus
1934 1056 1956 1099 .·
2002 1054 2168 1102 num
2191 1054 2267 1103 ea
2289 1028 2496 1105 verba
2522 1029 2929 1128 fignificant,
3082 1030 3235 1129 exist-

316 1143 508 1212 tentia
554 1140 679 1211 Dei
728 1130 895 1206 nobis
930 1156 1046 1204 non
1093 1128 1399 1224 caissare?
2768 1153 2772 1156 ⁴
3097 1200 3104 1207 .
3258 1186 3281 1207 .

516 1289 646 1365 Sed
688 1313 919 1385 quaero
955 1287 1060 1360 hic
1096 1308 1180 1357 ex
1219 1282 1319 1359 Cl.
1356 1281 1779 1379 Antagonista
1825 1306 1978 1356 meo
2001 1334 2026 1370 ‚
2085 1303 2251 1357 num
2293 1281 2491 1376 igitur
2544 1285 2903 1376 existimet,
2938 1285 3236 1364 'solidum
3323 1294 3331 1310 ’

315 1385 433 1463 εΗέ
467 1406 930 1484 argumentum
985 1384 1070 1458 ad
1109 1381 1526 1478 probandam
1566 1384 1696 1456 Dei
1756 1380 2160 1455 existentiam
2184 1429 2210 1465 ,
2255 1382 2323 1452 in
2354 1405 2491 1474 quo
2537 1380 2922 1479 supponitur
2947 1437 2970 1473 ‚
3011 1389 3238 1462 Deum

319 1487 580 1560 'existere
603 1538 628 1575 ,
685 1506 804 1559 aut
860 1483 1051 1575 quod
1097 1481 1333 1555 eodem
1387 1482 1616 1555 recidit
1643 1529 1670 1567 ‚
1727 1482 1934 1553 Idecem
1965 1486 2088 1552 Dei
2138 1476 2247 1573 ff
2293 1480 2501 1552 [deam
2549 1489 2714 1556 Entis
2762 1511 2908 1557 vere
2931 1505 3108 1558 extra
3129 1494 3237 1558 in-

315 1588 606 1659 teneam
648 1578 1007 1678 existentis?
1053 1582 1146 1654 At
1188 1582 1317 1654 hoc
1365 1580 1531 1653 vitio
1579 1575 1841 1655 laborat
1875 1573 2152 1652 Cartefii
2193 1598 2653 1671 argumentum
2684 1632 2711 1671 ‚
2762 1585 2943 1678 quod
2984 1581 3239 1657 clai-iffi.

312 1706 422 1757 me
459 1684 764 1772 videtur,
812 1678 866 1754 fi
898 1682 991 1759 ita
1028 1680 1483 1776 proponatur-z

602 1843 724 1909 Ens
737 1885 762 1921 ,
788 1841 855 1908 in
878 1835 1057 1920 eteius
1077 1833 1223 1906 Idea
1259 1840 1601 1907 continetur
1642 1831 1954 1923 existentia
1986 1830 2305 1924 necefflzria
2326 1873 2350 1910 ,
2407 1827 2716 1925 necaffario
2754 1836 2974 1928 exsslt.

517 1990 541 1999 ἢ
702 1939 813 2033 qui
843 1939 1019 2008 Deus
1047 1934 1143 2022 ’ςβ
1194 1937 1314 2002 Ens
1333 1976 1355 2012 ,
1412 1938 1478 2003 in
1516 1930 1693 2018 cujus
1744 1928 1892 2002 Idea
1942 1937 2283 2005 continetur
2330 1931 2641 2023 existentia
2691 1932 3002 2029 nec-effaria
3015 1963 3048 2017 3

608 2039 762 2128 Ergo
784 2037 955 2105 Deus
998 2026 1309 2123 necqffario
1363 2033 1583 2122 existit.
1965 2052 1970 2058 ·
2780 2062 2785 2067 ·

307 2183 581 2270 Quaero
603 2231 626 2268 ,
666 2206 834 2271 num
891 2183 960 2255 in
1000 2182 1295 2271 minore,
1337 2181 1598 2277 quando
1647 2181 1924 2254 diciturz
1970 2184 2147 2254 Dens
2169 2181 2247 2277 2ss
2284 2184 2405 2254 E'ns
2427 2233 2450 2269 ,
2505 2179 2644 2270 &a
2678 2185 3073 2282 intelligatur
3121 2195 3249 2264 Ens·

301 2279 868 2373 repraesbntativum
895 2290 1177 2353 'tantum
1202 2329 1228 2366 ‚
1283 2305 1370 2352 an
1407 2288 1534 2352 Ens*
1565 2282 1727 2353 reale
1761 2304 1916 2352 vere
1957 2301 2143 2353 extra
2171 2281 2575 2355 intelleAEtum
2615 2283 2944 2357 existens?
2980 2283 3026 2357 fi
3065 2291 3243 2381 prius

305 2377 642 2473 intelligis3
686 2377 845 2449 nihil
897 2379 1072 2451 aliud
1127 2374 1368 2472 probas
1390 2429 1416 2466 ,
1472 2402 1677 2477 quam
1720 2378 1852 2450 Ens
1925 2380 2075 2451 hoc.
2115 2376 2723 2472 repraesentativum
2775 2385 2843 2453 in
2915 2384 3244 2458 intellenn

303 2474 574 2548 existere
623 2474 1146 2568 repraesentative
1201 2477 1243 2549 i.
1288 2502 1344 2548 e.
1388 2498 1468 2549 ut
1514 2476 1788 2549 existens
1828 2473 2292 2570 repraesentari.
2355 2479 2423 2550 Si
2470 2477 2783 2572 posterius
2806 2498 2871 2569 ,‘
2909 2480 3246 2555 manifesta

304 2572 393 2645 est
441 2575 679 2667 petitio
728 2576 1056 2670 principii,
1109 2593 1228 2648 aut
1267 2574 1481 2648 nescio
1526 2575 1685 2669 quid
1724 2570 1807 2646 fit
1844 2575 2076 2668 petitio
2127 2574 2443 2669 principii„

299 2725 430 2811 Sed
464 2710 560 2798 'de
615 2723 933 2798 soliditate
982 2727 1353 2818 argumenti
1410 2725 1765 2817 Cartefiani
1809 2728 2053 2817 judicet
2109 2725 2388 2823 quilibet
2437 2751 2561 2821 pro
2600 2746 2795 2821 mptu
2841 2721 2996 2802 suot
3036 2731 3244 2806 mani-

299 2818 540 2897 festum
591 2823 732 2912 est,
793 2823 1046 2895 nullum
1107 2824 1177 2894 in
1222 2818 1628 2918 paragrapho
1670 2849 1820 2898 meo
1856 2825 2077 2900 XVI.
2121 2823 2240 2901 effe
2268 2822 2705 2899 monstrosum
2729 2824 3064 2912 aflertunrz
3091 2857 3247 2906 cum

303 2922 459 2993 nihil
508 2922 698 2996 aliud
740 2923 948 2994 dicam
974 2972 999 3009 ‚
1055 2945 1258 3013 quarn
1333 2928 1403 2994 in
1447 2942 1839 3020 argumento,
1896 2950 2017 3024 quo
2078 2924 2335 3018 probari
2377 2924 2552 2998 debet
2596 2928 2903 3019 existentia
2969 2929 3241 3020 divina,

301 3018 464 3093 illam
511 3048 638 3097 non
685 3022 800 3118 effe‘
820 3018 1286 3113 supponendam.
3136 3051 3145 3058 ¹
3202 3043 3207 3047 ’

491 3174 653 3269 Pag.
709 3172 936 3247 XVI.
989 3172 1172 3245 Dicit
1195 3172 1294 3245 Cl.
1323 3171 1743 3268 Antagonista
1775 3186 1800 3260 ',
1846 3199 1945 3245 me
1969 3171 2218 3269 afferet-'e
2238 3201 2352 3260 ea,
2386 3200 2525 3273 quae
2558 3201 2676 3248 non
2703 3175 2822 3265 m‘fi
2846 3195 3053 3250 emota
3072 3205 3247 3253 men·

300 3274 385 3342 tis
432 3270 601 3347 homo
654 3273 769 3345 vel
814 3268 1035 3366 afferat
1057 3269 1167 3341 vel
1190 3269 1413 3343 credat.
1471 3270 1656 3360 Qid
1712 3295 1874 3343 vero
1920 3272 2077 3343 illud
2121 3271 2213 3343 est
2235 3271 2272 3341 ?
2328 3272 2501 3344 Dico
2526 3321 2553 3358 ‚
2604 3293 2683 3344 ut
2719 3275 2812 3345 ait
2831 3322 2855 3358 ‚
2902 3282 3047 3372 equi
3087 3279 3251 3351 alati

297 3367 510 3441 Ideam
541 3397 661 3444 non
701 3378 906 3442 minus
944 3366 1161 3439 babere
1210 3369 1655 3441 inmutabilem
1695 3387 2001 3438 mnaturam
2022 3417 2047 3453 ,
2093 3392 2288 3465 quam
2318 3370 2442 3439 Dei
2467 3366 2652 3459 ipsius.
2714 3372 2879 3458 ²in
2915 3371 3042 3444 hoc
3093 3371 3251 3473 legit

298 3487 432 3538 una
459 3492 620 3539 cum
660 3467 898 3561 elogio,
926 3491 1061 3561 quo
1091 3489 1377 3538 exornor
1401 3517 1427 3556 ‚
1453 3463 1842 3538 existimaret
1858 3489 1996 3550 ‚me
2030 3465 2261 3537 Deum
2290 3461 2501 3535 facere
2546 3486 2630 3538 ex
2662 3465 2841 3561 'equo
2883 3469 3056 3543 alato
3078 3526 3103 3561 ‚
3131 3498 3249 3552 aut

299 3586 380 3636 ex
436 3567 602 3638 Deo
644 3562 1078 3660 figmentum,
1135 3563 1325 3658 quale
1362 3565 1454 3639 est
1503 3586 1708 3657 equus
1755 3564 1980 3636 alatus.
2068 3563 2197 3636 Sed
2229 3561 2499 3656 legenda
2530 3581 2806 3636 *tantum
2849 3564 2996 3641 sunt
3023 3620 3047 3655 ‚
3095 3597 3247 3667 quae
3346 3582 3369 3595 ”

301 3656 729 3760 paragraphis
781 3664 962 3745 XX.
1011 3666 1076 3735 &
1134 3661 1363 3738 XXI.
1415 3665 1455 3737 a
1500 3685 1616 3736 me
1650 3662 1999 3748 dicuntur,
2062 3664 2131 3735 &
2179 3657 2559 3756 apparebit,
2620 3664 2925 3737 nondum
2968 3669 3129 3743 mihi
3167 3669 3252 3748 d'e

301 3776 520 3837 tutore
578 3760 1117 3859 prospiciendum
1144 3758 1285 3834 effe.
1339 3829 1352 3837 ,
2474 3803 2517 3842 a
2674 3768 2681 3776 ’

487 3901 834 3981 Cartefius
879 3902 1214 3997 distinguit
1264 3905 1430 3976 inter
1467 3904 1654 3984 Ideas
1675 3955 1700 3992 ,
1752 3927 1890 4004 qua
1915 3907 2232 3984 ‚continent
2279 3920 2572 3975 naturam
2633 3906 3076 3983 inmutabilem
3100 3962 3127 4000 ‚
3157 3906 3252 4002 ἓξ

337 4028 431 4076 uae
475 4007 676 4079 talem
724 4030 843 4077 non
895 4009 1215 4075 continent.
1322 4001 1426 4072 Ad
1488 4005 1663 4096 prius
1713 4026 1917 4098 genus
1964 4001 2161 4075 refert
2197 4027 2335 4075 non
2372 4003 2579 4075 modo
2630 4003 2855 4080 Ideam
2905 4008 3085 4098 Dei,
3143 4007 3255 4082 sed
3394 4067 3407 4076 .

299 4026 525 4177 ideam
570 4101 940 4198 trianguli,
975 4099 1492 4197 quadranguli&
1518 4099 1889 4194 hujusmodi
1941 4100 2310 4173 innumeras
2359 4100 2529 4173 alias,
2612 4103 2792 4176 Cum
2839 4107 3253 4201 inquirimu&

300 4204 452 4293 quid
495 4204 710 4297 igitur
788 4203 997 4274 Ideam
1044 4198 1490 4272 immutabilem
1563 4215 1762 4272 vocet
1816 4246 1841 4281 ,
1893 4195 2099 4290 liquet
2148 4247 2175 4285 ‚
2226 4221 2387 4271 eum
2478 4200 2600 4272 hac
2640 4225 2809 4274 voce
2861 4205 3020 4274 nihil
3080 4203 3258 4276 aliud

298 4299 660 4397 intelligere
684 4352 711 4390 ,
756 4324 957 4393 quam
1012 4298 1237 4369 Ideam
1263 4347 1286 4384 ‚
1347 4305 1451 4369 cui
1506 4295 1663 4368 nihil
1706 4296 1867 4368 demi
1887 4293 2080 4386 -pfft
2100 4344 2128 4382 ,
2201 4295 2320 4386 mfi
2370 4294 2525 4368 Idea
2575 4316 2804 4371 natura
2880 4299 3253 4391 destruatur.

297 4397 426 4473 Hic
468 4424 644 4472 vero
698 4398 850 4471 dico
873 4447 899 4485 ‚
949 4394 1136 4468 fietas
1190 4398 1384 4468 etiam
1429 4395 1612 4467 Ideas
1652 4392 1760 4470 boc
1788 4391 1974 4485 ‚linfa
2033 4388 2153 4465 effe
2214 4391 2692 4479 immutabiles,
2739 4421 2805 4467 v.
2855 4421 2918 4490 g.
2966 4398 3270 4486 corporis

298 4494 758 4591 perfeffissimi
776 4547 807 4586 ‚
881 4495 1035 4588 equi
1091 4494 1290 4584 alati,
1338 4489 1412 4568 δι’
1457 4488 1728 4568 ssmiles:
1785 4493 2054 4588 dempta
2108 4490 2218 4567 vel
2277 4515 2415 4566 una
2464 4488 2860 4588 perfeffione
2915 4490 3205 4655 οοτὲεἳὲε
3230 4535 3266 4573 ,

3185 4604 3277 4651 ω*
3346 4635 3355 4640 i
