4188 5670
1164 232 1167 237 ”
1227 255 2235 333 E·x1srtr³nrn·D-rs.
2365 306 2380 316 -
3074 270 3212 364 285

388 454 445 466 *⁴
512 435 643 511 Sed
685 434 1005 531 objiciunt
1052 436 1355 531 Epicurei
1401 485 1427 524 ,
1494 434 1546 508 fi
1593 438 1779 511 Deus
1830 436 1924 511 est
1959 435 2168 511 cauffir
2205 439 2440 512 mundi
2466 490 2490 527 ‚
2549 440 2791 537 quibus
2832 447 3238 523 ini'trumen:

334 540 410 612 tis
450 534 599 608 usus
652 537 741 610 est
766 587 790 624 ‚
841 535 925 609 ad
976 536 1304 609 mundum
1342 532 1796 613 fabricandum
1826 586 1850 624 ,
1904 534 2146 630 quibus
2189 538 2669 630 adjutoribus?
2721 546 2941 638 Digna
3003 546 3226 641 objec-

332 640 423 710 tio
475 635 804 729 Epicureis
858 638 875 706 !
944 636 1057 728 qui
1102 660 1184 706 ex
1233 635 1387 707 Deo
1425 636 1765 708 hominem
1803 633 2051 708 faciunt
2075 686 2100 723 ,
2158 635 2349 730 eique
2387 635 2677 713 formam
2713 642 3075 716 humanam
3106 649 3229 718 tri·-

334 734 607 813 buunt3
657 733 764 806 sed
812 734 1151 805 hominem
1175 784 1199 821 ‚
1265 757 1537 807 omnem
1602 734 1897 813 laborem
1949 737 2043 807 ita
2086 730 2448 829 fugientem
2475 783 2498 822 ,
2575 757 2654 812 ut
2702 735 3035 815 summum
3094 745 3234 836 eju·

330 831 587 905 bonum
637 833 707 903 in
750 834 908 906 nihil
952 830 1210 927 agendo
1266 826 1582 905 consistat.
2155 836 2163 849 ⁴
2387 836 2426 879 ’-

523 1034 673 1107 Nos
733 1031 998 1123 quidem
1022 1081 1044 1117 ,
1091 1026 1436 1126 quomodo
1483 1029 1665 1102 Deus
1710 1024 2032 1103 mundum
2084 1032 2471 1126 produxerit
2531 1082 2556 1120 ‚
2589 1020 2598 1029 ’
2631 1033 2974 1128 quomodo
3036 1036 3240 1133 ipsam

332 1135 679 1205 materiam
701 1154 782 1200 ex
813 1129 1021 1200 nihilo
1036 1130 1351 1202 creaverit
1378 1178 1402 1217 ,
1424 1129 1768 1222 'quomodo
1803 1153 1886 1202 ex
1929 1132 2204 1203 materia
2229 1133 2453 1203 omnia
2471 1128 2860 1205 formaverit
2885 1184 2909 1221 ,
2963 1135 3243 1229 perfecte

333 1233 683 1325 concipere
731 1253 867 1299 non
888 1224 1235 1322 poffumus.
1320 1228 1445 1302 Sed
1468 1223 1708 1301 sufficit
1725 1225 1915 1300 nobis
1954 1228 2233 1302 statuere
2258 1230 2455 1301 talem
2482 1232 2715 1302 mundi
2738 1230 3014 1305 cauffam
3033 1283 3056 1323 ‚
3094 1259 3246 1328 quae

336 1324 418 1419 sit
469 1327 749 1401 infinitae
772 1327 1085 1420 potentiae
1112 1330 1179 1399 &
1200 1322 1552 1420 sapientiae.
1633 1327 1701 1401 Si
1728 1327 1868 1399 talis
1904 1325 2112 1399 cauffa
2161 1326 2254 1399 est
2274 1379 2298 1416 ‚
2331 1329 2599 1399 -uullum
2636 1328 2727 1400 est
2752 1328 3034 1403 dubium
3057 1385 3079 1418 ‚
3110 1357 3254 1404 eam

336 1428 667 1501 mundum
714 1424 1072 1519 producere
1119 1422 1412 1520 potuiffe.
1483 1425 1691 1513 Quod
1733 1422 1785 1496 fi
1835 1426 2154 1518 Epicurus
2183 1425 2331 1505 vult
2360 1477 2388 1513 ‚,
2433 1427 2633 1501 talem
2667 1452 2804 1501 non
2851 1426 2970 1500 effe
3004 1458 3025 1510 3
3065 1448 3262 1524 negat

336 1523 536 1621 igitur
592 1520 815 1598 Deum
851 1520 970 1596 effe
1000 1575 1037 1612 ,f
1078 1524 1260 1619 quod
1312 1544 1537 1599 tamen
1572 1549 1711 1596 non
1758 1525 1906 1597 vult
1954 1525 2164 1599 videri
2214 1548 2469 1619 negare.
2550 1524 2674 1598 Sed
2713 1523 2974 1598 tametsi
3022 1527 3102 1601 de
3134 1530 3262 1601 hoc

339 1624 599 1697 dubitet
641 1675 664 1710 ‚
715 1622 1056 1718 quomodo
1096 1620 1459 1719 probabit,
1505 1626 1722 1696 talem'
1746 1617 2033 1695 'cauffam
2088 1647 2227 1694 non
2273 1617 2391 1699 elle
2426 1617 2463 1690 ‚⁷
2532 1625 2800 1695 Annon.
2828 1625 3060 1717 majori
3117 1626 3264 1717 jure

340 1720 536 1797 nobis
589 1718 890 1798 dubitare
918 1722 1065 1795 licet
1088 1773 1115 1811 ‚
1162 1720 1452 1795 fuerint·
1476 1748 1562 1795 ne
1611 1740 1762 1794 ante
1801 1720 2037 1793 mundi
2067 1718 2638 1814 originem-'atomi
2684 1721 2753 1791 in
2800 1747 3038 1817 magno
3088 1724 3265 1795 inani

341 1816 639 1917 dispersae
666 1873 690 1910 ‚
751 1826 815 1897 &
862 1818 1010 1894 hinc
1053 1822 1204 1895 inde
1251 1842 1497 1894 temere
1551 1840 1863 1914 vagantes
1894 1848 1917 1900 3
1962 1842 2162 1912 quam
2208 1817 2357 1890 licet
2395 1817 2683 1911 Epicuro
2724 1817 3023 1894 dubitare
3049 1871 3076 1910 ‚
3125 1818 3317 1899 fue-s

343 1923 431 1995 rit
452 1971 477 1982 -
505 1945 590 1992 ne
642 1944 794 1995 ante
844 1919 1180 1992 mundum
1226 1919 1568 1993 conditum
1601 1919 1787 1990 Deus
1850 1919 2291 2013 omnipotens·
2403 1918 2408 1923 ’

526 2115 779 2205 -Qrod-
811 2114 862 2189 st
916 2115 1153 2190 Mosen
1209 2116 1527 2209 Epicurus
1576 2117 1805 2189 audire
1847 2114 2037 2209 vult,
2098 2114 2257 2209 quid
2302 2113 2400 2186 de
2430 2115 2680 2210 origine
2723 2115 2955 2199 mundi
3000 2108 3268 2196 statuat,

343 2223 424 2288 I‘n
443 2221 739 2308 principio
760 2263 783 2297 ,
834 2217 1046 2308 inquit
1067 2230 1109 2302 ‚‘
1142 2223 1380 2288 creavit
1402 2222 1577 2289 Deus
1604 2218 1808 2288 coelum
1832 2211 1924 2300 ἐξ
1948 2231 2195 2286 terram.
2273 2213 2399 2287 Sed
2453 2215 2795 2307 quomodo
2827 2215 2946 2285 illa
2974 2219 3218 2288 creavit
3235 2213 3272 2286 ?

343 2315 539 2385 Dixit
599 2320 781 2383 Fiant
822 2342 839 2384 ε
872 2312 962 2401 &²
991 2316 1172 2408 suffla
1208 2313 1384 2405 sunt.
1473 2314 1594 2386 Sed
1621 2315 1894 2407 quando
1913 2333 2049 2383 tarn
2075 2310 2326 2386 curiose
2359 2314 2600 2408 quaerit
2649 2313 2967 2406 Epicurus
2997 2338 3276 2409 quomo-

345 2415 437 2484 do
461 2461 485 2498 ‚
536 2408 772 2507 quibus
818 2410 935 2506 ipfi
986 2412 1424 2485 instrumentis
1472 2415 1534 2485 &
1557 2413 1949 2504 adjumentis
1970 2411 2155 2485 Deus
2196 2413 2526 2488 mundum
2578 2413 2893 2485 creaverit
2903 2441 2929 2495 ‚-
2968 2413 3141 2484 dicat
3161 2436 3280 2484 no-

344 2509 494 2596 bis,
548 2507 788 2604 quibus
833 2510 1270 2582 instrumentis
1318 2505 1540 2581 anima
1605 2509 1803 2602 iplius
1848 2533 2086 2600 corpus
2147 2520 2460 2598 moveat,
2518 2508 2817 2583 membra
2866 2526 3048 2581 nunc
3101 2510 3230 2581 huc
3255 2558 3282 2596 ‚

344 2622 534 2681 n‘unc
580 2608 732 2678 illuc
768 2611 1046 2701 dirigat,
1079 2607 1334 2699 spiritus
1377 2608 1684 2678 animales
1708 2632 1885 2680 nunc
1920 2608 1986 2676 in
2035 2606 2154 2677 hos
2185 2656 2210 2695 ².
2237 2614 2432 2678 nune·
2460 2609 2527 2679 in
2563 2609 2714 2679 illos
2764 2606 3089 2680 musculos
3130 2602 3284 2679 mit-

349 2718 479 2777 tat.
554 2704 623 2776 Si
670 2704 775 2775 hic
826 2703 1207 2797 respondere
1261 2729 1403 2774 non
1452 2705 1704 2791 potest,
1765 2706 2218 2797 panianum,
2249 2714 2532 2797 quoque·
2561 2704 2803 2777 nescire
2837 2756 2863 2793 ‚
2941 2700 3285 2799 quomodo

349 2797 567 2877 cauffa
613 2799 890 2890 infinitae
924 2802 1247 2897 potentiae
1312 2802 1547 2875 omnia·
1581 2803 1945 2896 producet,
1998 2820 2413 2896 quaecunque
2451 2801 2774 2898 producit.
2913 2808 2928 2821 ’

552 2994 680 3072 Sed
728 2998 940 3090 pergit
979 2997 1334 3089 Epicuru3‚
1369 2996 1524 3093 quid
1563 2996 1697 3093 egit
1718 2993 1902 3067 Deus
1931 2996 2037 3069 ille
2083 2997 2328 3072 mundi
2359 2995 2711 3073 fabricator
2737 2997 2824 3074 ab
2861 3004 3053 3078 omni
3103 3007 3293 3075 aeteri

357 3100 567 3176 nitate
607 3111 966 3187 antequam
1005 3097 1331 3169 mundum
1408 3095 1709 3170 reduxit.
1752 3095 2053 3192 *Ociatus
2076 3143 2102 3156 -
2122 3122 2207 3170 ne
2237 3095 2376 3172 est?
2418 3100 2544 3174 Sed
2567 3094 2621 3171 fi
2646 3119 2988 3198 tantopere
3016 3101 3163 3174 ocio
3188 3121 3293 3169 ca-

361 3198 539 3308 pitur
553 3246 578 3282 ,
618 3216 736 3265 cur
776 3191 994 3267 subito
1021 3193 1255 3290 cupido
1284 3123 1492 3288 ipsfim
1536 3188 1787 3268 inceffit
1822 3218 2033 3294 creare
2065 3195 2394 3296 mundum
2418 3201 2463 3270 ἓ

562 3391 732 3465 Haec
779 3373 1200 3485 sane'inepta
1248 3387 1507 3485 prorsus
1533 3379 1806 3484 quaestio
1833 3387 1967 3475 est,
1998 3381 2046 3459 'fi
2076 3383 2601 3482 consideramus,
2646 3392 2924 3480 Deum„
2951 3387 3086 3465 five
3112 3415 3304 3464 mun·
3392 3409 3395 3412 “
3456 3419 3465 3440 ¹

367 3492 533 3574 dum
560 3491 917 3585 producat,
975 3514 1323 3584 nunquam
1342 3490 1536 3562 ociari
1566 3539 1588 3576 ‚
1617 3488 1840 3560 Deum
1867 3484 2114 3586 semper
2141 3490 2210 3560 in
2235 3488 2794 3586 afflone-yersarh
2832 3487 2885 3561 fi
2912 3492 3165 3578 actione
3192 3485 3309 3563 sua*

372 3583 711 3663 mundum
733 3611 872 3658 non
900 3589 1217 3679 produxit
1242 3639 1267 3675 ‚
1295 3581 1642 3661 fecit'aliud
1665 3581 1856 3656 nobis
1882 3586 2186 3679 ignotum
2215 3613 2236 3666 3
2271 3586 2594 3659 mundum
2620 3588 2910 3680 condidit
2929 3639 2956 3677 ‚
3006 3590 3308 3684 nonpro-

373 3709 517 3784 pter
550 3686 729 3758 suam
768 3684 1169 3776 utilitatem,
1222 3707 1341 3759 aut
1361 3706 1440 3757 ut
1466 3710 1546 3757 ex
1586 3711 1666 3756 eo
1694 3684 2043 3777 quicquam
2073 3680 2490 3759 beatitudinis
2545 3689 2608 3758 ἃ
2645 3683 2958 3760 felicitatis
3007 3706 3308 3781 caperet;
3414 3725 3420 3730 ·

374 3788 480 3859 sed
510 3787 577 3859 in
609 3804 1052 3858 creaturarum
1078 3783 1340 3857 suarum
1381 3789 1678 3877 gratiam.
1736 3782 1919 3853 Deus
1946 3783 2012 3852 in
2041 3781 2104 3854 se
2131 3785 2422 3870 invenit3
2467 3784 2651 3878 quod
2671 3805 2846 3879 agat,
2876 3786 3053 3880 quod
3084 3786 3316 3857 intelli-

374 3898 491 3980 gat
517 3937 539 3972 ‚
595 3884 776 3976 quod
820 3882 1022 3970 velit,
1073 3883 1253 3975 quod
1300 3902 1523 3969 amet,
1576 3907 1711 3976 quo
1758 3882 2022 3954 laetetur
2051 3932 2074 3968 ,
2130 3882 2197 3953 in
2231 3906 2371 3975 quo
2402 3879 2803 3976 acquiescam
2852 3883 3156 3957 creaturis
3190 3882 3315 3981 suis

380 3986 564 4057 nullo
613 3983 816 4054 modo
868 3982 1117 4074 indiget
1143 4009 1179 4048 .·-
1214 3983 1505 4052 Breviter
1528 4032 1551 4069 ‚
1608 3980 1765 4073 quid
1801 3981 2003 4074 egerit
2048 3981 2233 4052 Deus
2256 4031 2282 4068 ,
2314 3983 2775 4076 inquirendum
2801 3982 2994 4056 nobis
3023 4006 3160 4054 non
3185 3979 3318 4065 est,

385 4101 466 4154 ne
513 4080 684 4153 forte
728 4103 879 4152 curn
922 4083 1254 4175 Augustino
1303 4076 1497 4151 nobis
1548 4078 1777 4172 aliquis
1825 4076 2241 4172 responderet
2258 4129 2286 4169 ‚
2336 4105 2475 4154 eum
2512 4080 2829 4177 condidisti:
2875 4081 3180 4175 infemum
3220 4076 3327 4151 hoc

388 4178 611 4270 curiose
655 4179 1078 4279 quaerentibus.
2390 4211 2396 4216 «
3303 4177 3312 4188 ”

602 4575 1529 4675 menses-firopuscazarom.
1571 4578 1677 4652 11.
1766 4623 1775 4630 .
1990 4636 2003 4642 -
2157 4641 2166 4650 ,
2331 4527 2620 4648 -00''
2725 4593 2778 4604 -ι
3105 4548 3353 4621 CAP.
