4188 5670
947 411 1047 473 20
1432 374 3434 469 Drssn‘n'r:isiLoeo‘nn‘c‘urrs'

951 574 1193 647 doloris
1254 565 1505 642 sensum
1550 567 1618 638 in
1668 580 1886 637 mente
1943 563 2062 639 efl'e
2108 568 2302 654 dicit,
2365 570 2478 661 qui
2526 592 2662 642 non
2729 571 2977 643 oriatur
3050 573 3133 645 ad
3208 554 3863 665 motum—cujuslibet

950 667 1281 755 membri,
1327 663 1445 737 nifi
1500 664 1605 736 ille
1652 684 1876 736 motus
1916 662 2117 758 usque
2170 665 2252 740 ad
2308 687 2563 759 partem
2604 670 2934 762 quandam
2998 671 3242 744 cerebri
3291 671 3638 744 deferatur.

569 906 631 965 1„
658 903 891 987 Mathe-{5
1143 867 1386 958 Neque
1438 884 1599 935 vero
1644 862 1691 933 ii
1740 860 1958 934 sumus
1987 912 2011 948 ‚
2066 865 2181 957 qui
2230 864 2461 937 talium
2530 864 2612 937 de
2659 865 2937 939 vocibus
2991 871 3559 942 'concertationum
3639 892 3862 940 nume-

570 972 837 1064 [ogomass
952 989 1102 1039 rum
1147 989 1268 1036 nos
1319 956 1480 1034 inire
1520 958 1693 1054 posse
1746 959 2175 1049 arbitremur,
2245 962 2424 1057 quod
2466 978 2678 1056 neque
2729 992 2861 1038 una
2913 984 3108 1058 atque
3158 968 3357 1041 altera
3406 965 3857 1050 differtatione,

567 1076 719 1133 αἰτίαι
758 1066 852 1148 effe
951 1089 1037 1136 ne
1068 1088 1202 1156 que
1248 1061 1522 1134 omnino
1564 1057 1652 1131 ab
1704 1082 1840 1129 uno
1891 1060 2377 1155 homineperagi
2437 1061 2696 1154 potest:
2758 1082 2912 1135 cum
2969 1068 3062 1136 ita
3114 1065 3240 1138 late
3297 1086 3411 1157 per
3467 1065 3694 1136 omnia
3742 1062 3860 1135 dis-

566 1147 829 1241 ‘amplis
951 1162 1283 1258 plinarum
1327 1181 1562 1253 genera
1621 1157 1758 1227 lues
1802 1154 1916 1227 ista
1970 1155 2032 1229 se
2070 1154 2428 1244 diffiaderit,
2482 1177 2561 1231 ut
2602 1186 2684 1233 ne
2735 1158 3061 1233 Mathefin
3112 1164 3377 1255 quidem
3410 1213 3430 1241 ,
3464 1181 3858 1255 quantacun-

562 1226 887 1306 demonstra·
953 1285 1104 1356 que⁴
1142 1258 1205 1332 se
1260 1255 1663 1329 solicitudine
1692 1304 1715 1341 ‚
1782 1252 1906 1325 suis
1945 1258 2295 1328 nominum
2345 1254 2835 1330 definitionibus
2860 1310 2881 1345 ‚
2939 1256 3025 1331 ab
3081 1261 3201 1333 hac
3268 1261 3659 1353 contagione
3701 1284 3860 1352 prae-

562 1332 681 1379 ”⁸⁷⁴
954 1358 1222 1432 servarit
1249 1408 1274 1444 ‚
1323 1357 1636 1426 intestam
1683 1350 1939 1444 prorsus
1985 1356 2332 1447 reliquerit.
2425 1356 2727 1449 Pugnent
2758 1358 2933 1429 enim
2991 1359 3156 1429 inter
3201 1357 3263 1430 se
3310 1358 3575 1430 Clavius
3624 1360 3689 1429 &
3730 1357 3860 1429 Pel-

953 1458 1214 1530 letarius
1237 1504 1262 1543 ‚
1312 1453 1569 1549 angulus
1606 1475 1681 1521 ne
1715 1447 1803 1538 stt
1827 1498 1852 1537 ‚
1915 1450 2071 1524 illud
2106 1503 2126 1535 ‚
2178 1448 2354 1545 quod
2430 1455 2595 1526 inter
2643 1472 3026 1548 tangentem
3070 1452 3135 1528 &
3178 1456 3394 1528 circuli
3431 1456 3858 1548 peripheriam

950 1555 1356 1647 intercipitur
1382 1602 1404 1637 ,
1460 1548 1744 1642 spacium
1770 1599 1791 1633 ,
1843 1545 1980 1620 sive
2021 1550 2202 1622 aliter
2246 1548 2600 1624 describere
2631 1553 2839 1646 placet
2893 1553 2961 1624 id
3005 1604 3029 1640 ‚
3083 1556 3263 1647 quod
3303 1553 3507 1647 vulgo
3571 1554 3860 1649 angulum

951 1654 1244 1726 oontuHus
1300 1667 1594 1721 vocant:
1650 1643 2039 1739 simulatque
2089 1648 2158 1718 in
2217 1645 2682 1741 significatione
2730 1652 2926 1743 hujus
2975 1655 3157 1724 vocis
3183 1704 3207 1740 ‚
3256 1652 3516 1748 angulus
3545 1702 3569 1736 ,
3625 1676 3861 1723 conve·

950 1753 1090 1823 nire
1137 1750 1379 1821 vellent
1403 1797 1423 1831 ‚
1479 1741 1735 1817 fortaffe
1757 1796 1778 1830 ,
1819 1745 1901 1815 de
1943 1772 2081 1839 quo
2105 1743 2506 1838 disputarent
2540 1798 2563 1834 ,
2619 1774 2757 1821 non
2802 1746 3136 1823 haberent.
3271 1754 3452 1839 Quae
3484 1775 3646 1822 vero
3678 1750 3860 1821 Tho-

948 1873 1090 1921 mas
1140 1842 1517 1919 Hobbesius
1561 1843 2042 1923 Mathematicis
2076 1840 2307 1934 bbjicit
2338 1896 2359 1930 ,
2408 1848 2551 1940 quis
2612 1872 2749 1920 non
2788 1848 2971 1918 videt
3021 1899 3044 1934 ‚
3112 1850 3182 1920 in
3223 1847 3441 1921 verbis
3493 1848 3858 1919 maximam

946 1964 1202 2042 partem
1244 1941 1536 2016 consumi
1567 1940 1600 2011 ἓ
1687 1938 2096 2015 definitiones
2137 1964 2370 2016 eorum
2399 1945 2470 2015 in
2499 1945 2796 2017 ordinem
2832 1948 3008 2039 cogit
3031 1997 3053 2032 ‚
3102 1972 3236 2021 non
3285 1944 3809 2019 animadvertens
3834 1994 3858 2032 ,

946 2047 1298 2119 nominum
1374 2036 1784 2112 definitiones
1858 2036 1977 2113 effe
2040 2091 2066 2129 ,
2147 2067 2304 2137 quae
2359 2039 2609 2136 semper
2657 2044 2726 2114 in
2773 2041 3138 2117 definientis
3197 2044 3515 2137 potestate
3566 2042 3852 2116 fuerunt.

949 2147 1110 2232 Qio
1165 2140 1493 2237 pertinent
1539 2139 1667 2212 illae
1713 2136 2101 2233 quaestiones
2147 2193 2172 2229 ‚
2239 2161 2396 2234 quae
2450 2140 2610 2214 serio
2662 2166 3141 2234 nonnunquam
3181 2139 3355 2216 fiunt
3403 2193 3428 2227 ,
3472 2140 3636 2230 fitne
3674 2166 3857 2234 punc-

943 2260 1085 2315 tum
1127 2264 1267 2334 pars
1297 2244 1465 2315 lineae
1509 2241 1553 2312 ?
1614 2236 1777 2329 fitne
1827 2246 2038 2313 unitas
2089 2265 2365 2313 numerus
2406 2238 2441 2310 ?
2482 2241 2662 2335 quod
2727 2241 3029 2314 Stevinus
3087 2263 3315 2314 contra
3378 2240 3716 2313 Euclidem
3763 2236 3860 2312 af-

940 2336 1184 2413 firmat.
1296 2340 1517 2426 -Q1in
1572 2341 1637 2411 &
1677 2339 1837 2410 illud
1888 2336 2235 2426 observes,
2289 2340 2547 2411 evenire
2599 2339 2993 2433 quandoque
3021 2391 3044 2426 ,
3105 2357 3182 2411 ut
3205 2390 3229 2425 ‚
3288 2336 3338 2410 fi
3385 2339 3528 2431 quis
3582 2333 3864 2410 nomini-

942 2434 1069 2511 bus
1129 2460 1264 2510 non
1322 2464 1402 2510 eo
1456 2454 1679 2508 utatur
1732 2430 1914 2509 sensu
1943 2488 1967 2525 ,
2027 2462 2226 2532 quem
2267 2439 2719 2513 Mathematici
2760 2439 2835 2509 iis
2881 2436 3293 2530 subjecerunt
3319 2487 3342 2522 ‚
3377 2437 3582 2508 veluti
3620 2433 3684 2506 ff
3713 2439 3858 2528 quis

924 2536 1172 2633 signum
1208 2590 1233 2622 ‚
1276 2537 1456 2631 quod
1520 2530 1637 2626 ipfi
1673 2535 2042 2626 aflerrsmmn
2099 2566 2125 2620 ,-
2171 2558 2287 2609 aut
2331 2544 2757 2630 proportionem
2804 2556 3074 2609 vocaret
3110 2588 3133 2622 ,
3225 2534 3403 2629 quod
3446 2530 3566 2628 ipfi
3619 2530 3863 2625 fimpli-

941 2660 1088 2706 cem
1129 2643 1419 2708 rationem
1479 2633 1806 2726 appellant
1826 2664 1855 2716 3
1914 2658 2297 2728 quanquam
2345 2660 2571 2709 revera
2615 2635 2837 2721 idem,
2894 2635 3074 2727 quod
3101 2636 3190 2706 illi
3216 2686 3239 2720 ,
3290 2632 3566 2711 sentiam
3607 2657 3745 2704 non
3794 2657 3860 2705 a·

939 2733 1085 2804 liter
1135 2734 1419 2807 rideatur
1448 2783 1472 2820 ‚
1523 2755 1723 2825 quam
1765 2729 1816 2803 si
1869 2733 1937 2803 in
1993 2730 2290 2804 furorem
2333 2730 2640 2805 incidiflet
2684 2763 2711 2817 ,-
2777 2729 2968 2805 obliti
3034 2732 3226 2804 videl.
3270 2750 3457 2803 erant
3505 2725 3857 2802 acutiffimi

937 2832 1237 2904 homines
1262 2884 1285 2919 ‚
1347 2829 1410 2903 se
1461 2832 1530 2902 in
1582 2829 2219 2905 nomenclationibus
2261 2830 2389 2904 istis
2415 2875 2460 2921 ‚·
2504 2859 2642 2906 non
2689 2831 3012 2905 rationem
3038 2883 3059 2919 ‚
3117 2830 3222 2903 sed
3278 2827 3621 2903 arbitrium
3652 2823 3857 2902 suum

939 2925 1058 3000 esse
1114 2927 1382 3000 secutos.
1527 2933 1753 3016 Qare
1792 2926 1841 2999 fi
1893 2932 1962 3001 in
2006 2952 2241 3004 eorum
2286 2932 2562 3004 hortulis
2617 2928 2836 3004 crescit
2881 2933 3009 3002 hoc
3064 2928 3290 3002 infelix
3338 2928 3570 3004 lolium
3615 2976 3637 3012 ‚
3732 2929 3858 3022 qui

936 3041 1120 3096 tanta
1160 3021 1557 3094 solicitudine
1609 3027 1746 3114 ejus
1792 3027 2270 3097 incrementum
2304 3015 2718 3117 i‘mpediunt3
2772 3028 2930 3115 quid
2961 3027 3042 3096 de
3097 3028 3171 3096 iis
3213 3024 3650 3120 cogitabimus
3682 3076 3706 3111 ‚
3735 3026 3860 3119 qui

937 3121 1096 3196 illud
1138 3122 1203 3191 ἃ
1256 3115 1686 3212 copiofiffime
1726 3118 2001 3192 crescere
2038 3122 2378 3216 patiuntur
2406 3170 2431 3206 ,
2479 3123 2544 3193 &
2574 3171 2598 3206 ‚
2643 3118 2846 3193 ficubi
2888 3123 3131 3208 crevit,
3175 3123 3255 3194 de
3329 3145 3411 3195 eo
3462 3122 3814 3197 evellendo
3839 3170 3863 3212 ‚

937 3218 1185 3295 nedum
1237 3219 1318 3291 de
1374 3216 1757 3292 eradicando
1783 3266 1809 3305 ,
1853 3217 1971 3289 vix
2013 3240 2310 3316 unquam
2365 3219 2656 3314 cogitant
2686 3268 2712 3308 ‚
2769 3220 3026 3294 utinam
3071 3244 3213 3293 non
3262 3222 3552 3295 alerent!

942 3395 3846 3467 ...a—*M

1868 3565 1879 3572 ·
2027 3531 2089 3602 C
2160 3529 2221 3601 A
2290 3532 2362 3605 P.
2502 3533 2537 3604 1
2596 3532 2631 3604 I
2695 3534 2748 3605 Ι,
3888 3475 3892 3480 ·

1737 3720 1869 3804 De
1905 3727 2148 3808 variis
2191 3716 2685 3836 Logcmachiae
2720 3708 3121 3838 speciebus.

932 4027 943 4036 ,
1122 3943 1195 4025 X
1242 3942 1338 4021 his
1365 3994 1388 4031 ‚
1442 3961 1593 4039 q'uae
1639 3935 1947 4040 superiori
1985 3945 2194 4038 capite·
2232 3994 2256 4031 ,
2289 3934 2471 4018 nullo
2523 3935 2788 4037 quidem
2835 3935 3091 4017 deledtu
3133 3936 3361 4016 habito
3388 3991 3413 4029 ‚
3454 3931 3562 4013 sed
3583 3989 3607 4029 ,
3668 3961 3752 4018 ut
3779 3946 3853 4020 in

1179 4065 1461 4142 quaeque
1498 4041 1838 4116 incidimus
1860 4094 1884 4130 ‚
1904 4043 2113 4116 ‘allata
2133 4042 2294 4115 sunt
2317 4092 2342 4129 ‚
2368 4042 2835 4137 Logomachiae
2873 4043 3188 4138 exemplis
3215 4092 3236 4128 ,
3284 4037 3694 4137 perspicuum
3724 4045 3850 4131 est,-
3943 4127 3950 4134 ⁸

1111 4218 1121 4228 ,
1181 4166 1382 4236 quam
1422 4137 1593 4214 leves
1623 4139 1749 4213 smt
1780 4140 1951 4232 saepe
1981 4143 2150 4213 inter
2178 4166 2253 4213 ea
2275 4189 2300 4227 ,
2328 4165 2519 4234 quae,
2571 4142 2865 4214 maximo
2891 4144 3059 4214 inter
3108 4139 3394 4213 eruditos
3423 4137 3691 4232 strepitu
3723 4141 3853 4213 dil:

929 4257 1248 4341 putantur
1269 4290 1291 4325 ,
1341 4237 1701 4312 ver-bormn
1747 4260 2042 4333 pugnae:
2098 4262 2310 4336 neque
2357 4235 2734 4309 dubitamus
2759 4288 2782 4323 ‚
2839 4241 2998 4332 quin
3043 4236 3320 4330 paucula
3361 4238 3468 4308 illa
3502 4286 3524 4322 ,
3552 4262 3849 4339 quorum

930 4343 1346 4415 mentionem
1392 4328 1728 4428 injecimus
1752 4387 1781 4430 ,β
1821 4333 2319 4408 innumerabilia
2357 4327 2481 4406 alia
2508 4333 3077 4429 perspicacioribus
3108 4336 3176 4406 in
3216 4334 3611 4407 memoriam
3661 4336 3848 4406 rede-

925 4437 1154 4540 gerint.
1260 4438 1349 4510 At
1372 4460 1489 4506 nos
1533 4436 1601 4508 in
1641 4434 1827 4507 cursu
1867 4434 2129 4526 incepto
2156 4449 2523 4526 pergemus,
2567 4451 2868 4525 nuncque
2892 4483 2916 4518 ‚
2961 4452 3039 4507 ut
3079 4429 3468 4507 instituimus
3501 4482 3527 4522 ‚
3572 4434 3642 4505 in
3673 4453 3848 4529 prae·

927 4541 1145 4640 cipuas
1185 4525 1496 4631 quasdam
1534 4529 1934 4632 L‘ogomacht'ae
1973 4529 2191 4624 species
2242 4527 2523 4626 digitum
2547 4528 2976 4608 intendemus.

3735 4725 3836 4801 Ac
