<?xml version="1.0" encoding="UTF-8"?>
<!DOCTYPE html PUBLIC "-//W3C//DTD XHTML 1.0 Transitional//EN"
    "http://www.w3.org/TR/xhtml1/DTD/xhtml1-transitional.dtd">
<html xmlns="http://www.w3.org/1999/xhtml" xml:lang="en" lang="en">
 <head>
  <title>
</title>
<meta http-equiv="Content-Type" content="text/html;charset=utf-8" />
  <meta name='ocr-system' content='tesseract 3.04.00' />
  <meta name='ocr-capabilities' content='ocr_page ocr_carea ocr_par ocr_line ocrx_word'/>
</head>
<body>
  <div class='ocr_page' id='page_1' title='image "./opusculatheolog00weregoog/opusculatheolog00weregoog_0190.png"; bbox 0 0 4188 5670; ppageno 0'>
   <div class='ocr_carea' id='block_1_1' title="bbox 801 340 3130 474">
    <p class='ocr_par' dir='ltr' id='par_1_1' title="bbox 801 340 3130 474">
     <span class='ocr_line' id='line_1_1' title="bbox 801 340 3130 474; baseline -0.005 -16"><span class='ocrx_word' id='word_1_1' title='bbox 801 378 812 383; x_wconf 76' lang='grc'><em>“</em></span> <span class='ocrx_word' id='word_1_2' title='bbox 954 340 1094 474; x_wconf 63' lang='lat' dir='ltr'>rra</span> <span class='ocrx_word' id='word_1_3' title='bbox 1677 352 1909 457; x_wconf 28' lang='lat' dir='ltr'>“Da</span> <span class='ocrx_word' id='word_1_4' title='bbox 2013 373 2544 457; x_wconf 56' lang='lat' dir='ltr'>Ficum-11</span> <span class='ocrx_word' id='word_1_5' title='bbox 2655 354 3130 458; x_wconf 68' lang='lat' dir='ltr'>Houor</span> 
     </span>
    </p>
   </div>
   <div class='ocr_carea' id='block_1_2' title="bbox 839 547 3881 4692">
    <p class='ocr_par' dir='ltr' id='par_1_2' title="bbox 937 547 3863 1047">
     <span class='ocr_line' id='line_1_2' title="bbox 952 547 3863 655; baseline -0.004 -22"><span class='ocrx_word' id='word_1_6' title='bbox 952 579 1029 634; x_wconf 86' lang='lat' dir='ltr'>ut</span> <span class='ocrx_word' id='word_1_7' title='bbox 1082 584 1159 633; x_wconf 90' lang='lat' dir='ltr'>ea</span> <span class='ocrx_word' id='word_1_8' title='bbox 1208 555 1439 633; x_wconf 80' lang='lat' dir='ltr'>existat</span> <span class='ocrx_word' id='word_1_9' title='bbox 1461 609 1485 646; x_wconf 89' lang='lat'>‚</span> <span class='ocrx_word' id='word_1_10' title='bbox 1538 557 1696 631; x_wconf 75' lang='lat' dir='ltr'>nihil</span> <span class='ocrx_word' id='word_1_11' title='bbox 1726 558 1901 632; x_wconf 90' lang='lat' dir='ltr'>aliud</span> <span class='ocrx_word' id='word_1_12' title='bbox 1952 558 2325 655; x_wconf 82' lang='lat' dir='ltr'>requiritur.</span> <span class='ocrx_word' id='word_1_13' title='bbox 2464 557 2693 633; x_wconf 84' lang='lat' dir='ltr'>Valles·</span> <span class='ocrx_word' id='word_1_14' title='bbox 2710 608 2735 646; x_wconf 87' lang='lat'>,</span> <span class='ocrx_word' id='word_1_15' title='bbox 2780 559 2993 631; x_wconf 78' lang='lat' dir='ltr'>hiatus</span> <span class='ocrx_word' id='word_1_16' title='bbox 3011 607 3036 644; x_wconf 90' lang='lat'>‚</span> <span class='ocrx_word' id='word_1_17' title='bbox 3087 576 3375 630; x_wconf 87' lang='lat' dir='ltr'>manere·</span> <span class='ocrx_word' id='word_1_18' title='bbox 3393 575 3534 625; x_wconf 88' lang='lat' dir='ltr'>non</span> <span class='ocrx_word' id='word_1_19' title='bbox 3583 547 3863 646; x_wconf 61' lang='lat' dir='ltr'>ponent,¹</span> 
     </span>
     <span class='ocr_line' id='line_1_3' title="bbox 953 649 3862 755; baseline -0.003 -26"><span class='ocrx_word' id='word_1_20' title='bbox 953 660 1268 755; x_wconf 87' lang='lat' dir='ltr'>quoniam</span> <span class='ocrx_word' id='word_1_21' title='bbox 1311 656 1395 728; x_wconf 86' lang='lat' dir='ltr'>ad</span> <span class='ocrx_word' id='word_1_22' title='bbox 1439 657 1585 730; x_wconf 78' lang='lat' dir='ltr'>haec</span> <span class='ocrx_word' id='word_1_23' title='bbox 1615 653 1895 752; x_wconf 87' lang='lat' dir='ltr'>spatium</span> <span class='ocrx_word' id='word_1_24' title='bbox 1914 709 1939 744; x_wconf 91' lang='lat'>,</span> <span class='ocrx_word' id='word_1_25' title='bbox 1981 684 2118 752; x_wconf 90' lang='lat' dir='ltr'>quo</span> <span class='ocrx_word' id='word_1_26' title='bbox 2170 659 2566 752; x_wconf 81' lang='lat' dir='ltr'>impleantur</span> <span class='ocrx_word' id='word_1_27' title='bbox 2582 706 2607 744; x_wconf 87' lang='lat'><strong><em>,</em></strong></span> <span class='ocrx_word' id='word_1_28' title='bbox 2665 658 3031 752; x_wconf 82' lang='lat' dir='ltr'>requiritur.</span> <span class='ocrx_word' id='word_1_29' title='bbox 3156 656 3287 729; x_wconf 82' lang='lat' dir='ltr'>Aut</span> <span class='ocrx_word' id='word_1_30' title='bbox 3324 652 3553 746; x_wconf 88' lang='lat' dir='ltr'>igitur,</span> <span class='ocrx_word' id='word_1_31' title='bbox 3599 649 3862 743; x_wconf 87' lang='lat' dir='ltr'>reliquis</span> 
     </span>
     <span class='ocr_line' id='line_1_4' title="bbox 949 749 3863 850; baseline -0.003 -20"><span class='ocrx_word' id='word_1_32' title='bbox 949 754 1264 830; x_wconf 84' lang='lat' dir='ltr'>omnibus</span> <span class='ocrx_word' id='word_1_33' title='bbox 1310 751 1692 849; x_wconf 83' lang='lat' dir='ltr'>corporibus</span> <span class='ocrx_word' id='word_1_34' title='bbox 1735 757 1806 828; x_wconf 88' lang='lat' dir='ltr'>in</span> <span class='ocrx_word' id='word_1_35' title='bbox 1845 757 2120 829; x_wconf 89' lang='lat' dir='ltr'>nihilum</span> <span class='ocrx_word' id='word_1_36' title='bbox 2180 757 2452 829; x_wconf 65' lang='lat' dir='ltr'>redactis</span> <span class='ocrx_word' id='word_1_37' title='bbox 2467 806 2493 843; x_wconf 90' lang='lat'><em>,</em></span> <span class='ocrx_word' id='word_1_38' title='bbox 2559 756 2801 828; x_wconf 85' lang='lat' dir='ltr'>tulleris</span> <span class='ocrx_word' id='word_1_39' title='bbox 2853 749 3215 850; x_wconf 82' lang='lat' dir='ltr'>superficies</span> <span class='ocrx_word' id='word_1_40' title='bbox 3262 751 3704 843; x_wconf 61' lang='lat' dir='ltr'>laevigatam,</span> <span class='ocrx_word' id='word_1_41' title='bbox 3748 766 3863 820; x_wconf 82' lang='lat' dir='ltr'>aut</span> 
     </span>
     <span class='ocr_line' id='line_1_5' title="bbox 943 843 3858 946; baseline -0.003 -19"><span class='ocrx_word' id='word_1_42' title='bbox 943 855 1075 927; x_wconf 64' lang='lat' dir='ltr'>una</span> <span class='ocrx_word' id='word_1_43' title='bbox 1126 878 1278 925; x_wconf 90' lang='lat' dir='ltr'>cum</span> <span class='ocrx_word' id='word_1_44' title='bbox 1313 853 1544 926; x_wconf 85' lang='lat' dir='ltr'>tellure</span> <span class='ocrx_word' id='word_1_45' title='bbox 1599 870 1863 928; x_wconf 87' lang='lat' dir='ltr'>tantum</span> <span class='ocrx_word' id='word_1_46' title='bbox 1905 857 2066 928; x_wconf 74' lang='lat' dir='ltr'>aeris</span> <span class='ocrx_word' id='word_1_47' title='bbox 2111 854 2456 928; x_wconf 81' lang='lat' dir='ltr'>alteriusve</span> <span class='ocrx_word' id='word_1_48' title='bbox 2494 855 2809 929; x_wconf 83' lang='lat' dir='ltr'>materiae·</span> <span class='ocrx_word' id='word_1_49' title='bbox 2848 853 3315 946; x_wconf 84' lang='lat' dir='ltr'>relinqueretur</span> <span class='ocrx_word' id='word_1_50' title='bbox 3324 899 3372 938; x_wconf 72' lang='lat'>,.</span> <span class='ocrx_word' id='word_1_51' title='bbox 3394 865 3722 941; x_wconf 83' lang='lat' dir='ltr'>quantum</span> <span class='ocrx_word' id='word_1_52' title='bbox 3776 843 3858 917; x_wconf 88' lang='lat' dir='ltr'>ad</span> 
     </span>
     <span class='ocr_line' id='line_1_6' title="bbox 937 949 3861 1047; baseline 0 -19"><span class='ocrx_word' id='word_1_53' title='bbox 937 951 1138 1029; x_wconf 70' lang='lat' dir='ltr'>valles</span> <span class='ocrx_word' id='word_1_54' title='bbox 1180 954 1243 1024; x_wconf 81' lang='lat'>&amp;</span> <span class='ocrx_word' id='word_1_55' title='bbox 1274 952 1488 1028; x_wconf 80' lang='lat' dir='ltr'>hiatus</span> <span class='ocrx_word' id='word_1_56' title='bbox 1524 952 1876 1047; x_wconf 83' lang='lat' dir='ltr'>explendos</span> <span class='ocrx_word' id='word_1_57' title='bbox 1921 949 2266 1026; x_wconf 74' lang='lat' dir='ltr'>sufficeret:</span> <span class='ocrx_word' id='word_1_58' title='bbox 3854 952 3861 955; x_wconf 68' lang='grc'><strong>’</strong></span> 
     </span>
    </p>

    <p class='ocr_par' dir='ltr' id='par_1_3' title="bbox 851 1040 3881 1912">
     <span class='ocr_line' id='line_1_7' title="bbox 1138 1040 3856 1146; baseline -0.002 -23"><span class='ocrx_word' id='word_1_59' title='bbox 1138 1052 1212 1123; x_wconf 88' lang='grc' dir='ltr'>Χ</span> <span class='ocrx_word' id='word_1_60' title='bbox 1237 1051 1269 1121; x_wconf 92' lang='grc' dir='ltr'>Ι</span> <span class='ocrx_word' id='word_1_61' title='bbox 1293 1050 1383 1121; x_wconf 89' lang='lat' dir='ltr'>V.</span> <span class='ocrx_word' id='word_1_62' title='bbox 1446 1052 1548 1123; x_wconf 86' lang='lat' dir='ltr'>En</span> <span class='ocrx_word' id='word_1_63' title='bbox 1593 1051 1789 1145; x_wconf 86' lang='lat' dir='ltr'>igitur</span> <span class='ocrx_word' id='word_1_64' title='bbox 1838 1046 2127 1146; x_wconf 83' lang='lat' dir='ltr'>figuram</span> <span class='ocrx_word' id='word_1_65' title='bbox 2187 1049 2419 1125; x_wconf 82' lang='lat' dir='ltr'>mundi</span> <span class='ocrx_word' id='word_1_66' title='bbox 2447 1050 2713 1125; x_wconf 50' lang='lat' dir='ltr'>laevem*</span> <span class='ocrx_word' id='word_1_67' title='bbox 2752 1101 2777 1138; x_wconf 88' lang='lat'>‚</span> <span class='ocrx_word' id='word_1_68' title='bbox 2840 1048 3152 1143; x_wconf 73' lang='lat' dir='ltr'>politam‘3</span> <span class='ocrx_word' id='word_1_69' title='bbox 3189 1042 3525 1140; x_wconf 66' lang='lat' dir='ltr'>quidquid</span> <span class='ocrx_word' id='word_1_70' title='bbox 3558 1040 3856 1137; x_wconf 84' lang='lat' dir='ltr'>asperita-</span> 
     </span>
     <span class='ocr_line' id='line_1_8' title="bbox 924 1142 3857 1245; baseline -0.001 -23"><span class='ocrx_word' id='word_1_71' title='bbox 924 1147 1009 1222; x_wconf 76' lang='lat' dir='ltr'>tis</span> <span class='ocrx_word' id='word_1_72' title='bbox 1068 1151 1136 1221; x_wconf 74' lang='grc' dir='ltr'>δε</span> <span class='ocrx_word' id='word_1_73' title='bbox 1180 1142 1498 1220; x_wconf 88' lang='lat' dir='ltr'>scabritiei</span> <span class='ocrx_word' id='word_1_74' title='bbox 1531 1149 1605 1221; x_wconf 88' lang='lat' dir='ltr'>in</span> <span class='ocrx_word' id='word_1_75' title='bbox 1652 1174 1729 1220; x_wconf 92' lang='lat' dir='ltr'>ea</span> <span class='ocrx_word' id='word_1_76' title='bbox 1772 1147 2024 1236; x_wconf 87' lang='lat' dir='ltr'>fuerat,</span> <span class='ocrx_word' id='word_1_77' title='bbox 2081 1148 2397 1223; x_wconf 61' lang='lat' dir='ltr'>resectum</span> <span class='ocrx_word' id='word_1_78' title='bbox 2449 1178 2473 1230; x_wconf 78' lang='lat'>3</span> <span class='ocrx_word' id='word_1_79' title='bbox 2512 1148 2828 1245; x_wconf 89' lang='lat' dir='ltr'>quidquid</span> <span class='ocrx_word' id='word_1_80' title='bbox 2875 1147 3194 1232; x_wconf 84' lang='lat' dir='ltr'>hiulcum,</span> <span class='ocrx_word' id='word_1_81' title='bbox 3247 1143 3606 1234; x_wconf 78' lang='lat' dir='ltr'>expletum.</span> <span class='ocrx_word' id='word_1_82' title='bbox 3675 1147 3766 1216; x_wconf 83' lang='lat' dir='ltr'>At</span> <span class='ocrx_word' id='word_1_83' title='bbox 3788 1169 3857 1218; x_wconf 90' lang='lat' dir='ltr'>e·</span> 
     </span>
     <span class='ocr_line' id='line_1_9' title="bbox 932 1237 3852 1342; baseline -0.001 -23"><span class='ocrx_word' id='word_1_84' title='bbox 932 1247 1074 1319; x_wconf 89' lang='lat' dir='ltr'>nim</span> <span class='ocrx_word' id='word_1_85' title='bbox 1091 1298 1115 1334; x_wconf 86' lang='lat'>‚</span> <span class='ocrx_word' id='word_1_86' title='bbox 1180 1244 1566 1340; x_wconf 65' lang='lat' dir='ltr'>expectabit·</span> <span class='ocrx_word' id='word_1_87' title='bbox 1603 1243 1872 1320; x_wconf 83' lang='lat' dir='ltr'>forsitan</span> <span class='ocrx_word' id='word_1_88' title='bbox 1920 1249 2147 1341; x_wconf 76' lang='lat' dir='ltr'>aliquis</span> <span class='ocrx_word' id='word_1_89' title='bbox 2190 1298 2213 1335; x_wconf 90' lang='lat'>,</span> <span class='ocrx_word' id='word_1_90' title='bbox 2258 1245 2602 1342; x_wconf 83' lang='lat' dir='ltr'>postquam</span> <span class='ocrx_word' id='word_1_91' title='bbox 2649 1250 2741 1319; x_wconf 90' lang='lat' dir='ltr'>ita</span> <span class='ocrx_word' id='word_1_92' title='bbox 2792 1245 2890 1318; x_wconf 88' lang='lat' dir='ltr'>ad·</span> <span class='ocrx_word' id='word_1_93' title='bbox 2935 1242 3228 1316; x_wconf 86' lang='lat' dir='ltr'>lubitum</span> <span class='ocrx_word' id='word_1_94' title='bbox 3281 1240 3512 1312; x_wconf 86' lang='lat' dir='ltr'>mundi</span> <span class='ocrx_word' id='word_1_95' title='bbox 3568 1237 3852 1334; x_wconf 84' lang='lat' dir='ltr'>figuram</span> 
     </span>
     <span class='ocr_line' id='line_1_10' title="bbox 934 1339 3855 1440; baseline -0 -22"><span class='ocrx_word' id='word_1_96' title='bbox 934 1345 1391 1433; x_wconf 81' lang='lat' dir='ltr'>tornavimus‚</span> <span class='ocrx_word' id='word_1_97' title='bbox 1421 1345 1858 1438; x_wconf 77' lang='lat' dir='ltr'>expolivimus</span> <span class='ocrx_word' id='word_1_98' title='bbox 1880 1397 1904 1433; x_wconf 87' lang='lat'>‚</span> <span class='ocrx_word' id='word_1_99' title='bbox 1955 1346 2412 1440; x_wconf 81' lang='lat' dir='ltr'>laevigavimus</span> <span class='ocrx_word' id='word_1_100' title='bbox 2449 1395 2476 1432; x_wconf 87' lang='lat'>‚</span> <span class='ocrx_word' id='word_1_101' title='bbox 2541 1343 2993 1435; x_wconf 75' lang='lat' dir='ltr'>dedolavimus</span> <span class='ocrx_word' id='word_1_102' title='bbox 3016 1392 3039 1429; x_wconf 90' lang='lat'>,</span> <span class='ocrx_word' id='word_1_103' title='bbox 3088 1348 3167 1414; x_wconf 82' lang='lat' dir='ltr'>ut</span> <span class='ocrx_word' id='word_1_104' title='bbox 3207 1391 3232 1428; x_wconf 88' lang='lat'>‚</span> <span class='ocrx_word' id='word_1_105' title='bbox 3280 1339 3484 1433; x_wconf 79' lang='lat' dir='ltr'>qualis</span> <span class='ocrx_word' id='word_1_106' title='bbox 3535 1339 3603 1409; x_wconf 83' lang='lat' dir='ltr'>in</span> <span class='ocrx_word' id='word_1_107' title='bbox 3651 1339 3855 1435; x_wconf 80' lang='lat' dir='ltr'>speeie</span> 
     </span>
     <span class='ocr_line' id='line_1_11' title="bbox 934 1432 3881 1538; baseline -0.001 -23"><span class='ocrx_word' id='word_1_108' title='bbox 934 1438 1058 1528; x_wconf 85' lang='lat' dir='ltr'>fit,</span> <span class='ocrx_word' id='word_1_109' title='bbox 1103 1443 1438 1530; x_wconf 84' lang='lat' dir='ltr'>dicamus,</span> <span class='ocrx_word' id='word_1_110' title='bbox 1491 1440 1811 1538; x_wconf 80' lang='lat' dir='ltr'>globusne</span> <span class='ocrx_word' id='word_1_111' title='bbox 1850 1467 1938 1516; x_wconf 89' lang='lat' dir='ltr'>an</span> <span class='ocrx_word' id='word_1_112' title='bbox 1987 1444 2359 1536; x_wconf 80' lang='lat' dir='ltr'>cylindrus,</span> <span class='ocrx_word' id='word_1_113' title='bbox 2402 1467 2490 1515; x_wconf 89' lang='lat' dir='ltr'>an</span> <span class='ocrx_word' id='word_1_114' title='bbox 2516 1467 2720 1516; x_wconf 83' lang='lat' dir='ltr'>conus</span> <span class='ocrx_word' id='word_1_115' title='bbox 2745 1495 2770 1531; x_wconf 85' lang='lat'>‚</span> <span class='ocrx_word' id='word_1_116' title='bbox 2816 1465 2901 1514; x_wconf 82' lang='lat' dir='ltr'>an</span> <span class='ocrx_word' id='word_1_117' title='bbox 2946 1440 3235 1533; x_wconf 82' lang='lat' dir='ltr'>pyramis</span> <span class='ocrx_word' id='word_1_118' title='bbox 3262 1486 3288 1524; x_wconf 83' lang='lat'><em>,</em></span> <span class='ocrx_word' id='word_1_119' title='bbox 3337 1432 3697 1527; x_wconf 63' lang='lat' dir='ltr'>auctibus,</span> <span class='ocrx_word' id='word_1_120' title='bbox 3725 1444 3881 1515; x_wconf 49' lang='grc' dir='ltr'>ἃς(</span> 
     </span>
     <span class='ocr_line' id='line_1_12' title="bbox 934 1537 3851 1633; baseline -0 -19"><span class='ocrx_word' id='word_1_121' title='bbox 934 1537 1252 1614; x_wconf 70' lang='grc' dir='ltr'>Ῑίιὸῡίῑεε·</span> <span class='ocrx_word' id='word_1_122' title='bbox 1285 1543 1461 1615; x_wconf 88' lang='lat' dir='ltr'>enim</span> <span class='ocrx_word' id='word_1_123' title='bbox 1530 1542 1912 1616; x_wconf 84' lang='lat' dir='ltr'>etiamnum·</span> <span class='ocrx_word' id='word_1_124' title='bbox 1957 1540 2194 1633; x_wconf 86' lang='lat' dir='ltr'>potest·</span> <span class='ocrx_word' id='word_1_125' title='bbox 2219 1538 2341 1614; x_wconf 83' lang='lat' dir='ltr'>effe</span> <span class='ocrx_word' id='word_1_126' title='bbox 2388 1541 2736 1614; x_wconf 86' lang='lat' dir='ltr'>varietatis.</span> <span class='ocrx_word' id='word_1_127' title='bbox 2866 1538 3101 1610; x_wconf 74' lang='lat' dir='ltr'>Fateor</span> <span class='ocrx_word' id='word_1_128' title='bbox 3155 1561 3269 1608; x_wconf 83' lang='lat' dir='ltr'>me</span> <span class='ocrx_word' id='word_1_129' title='bbox 3331 1554 3648 1628; x_wconf 83' lang='lat' dir='ltr'>praeterea</span> <span class='ocrx_word' id='word_1_130' title='bbox 3693 1538 3851 1613; x_wconf 72' lang='lat' dir='ltr'>nihil</span> 
     </span>
     <span class='ocr_line' id='line_1_13' title="bbox 932 1633 3849 1732; baseline -0.001 -22"><span class='ocrx_word' id='word_1_131' title='bbox 932 1640 1089 1711; x_wconf 80' lang='lat' dir='ltr'>certi</span> <span class='ocrx_word' id='word_1_132' title='bbox 1127 1634 1366 1712; x_wconf 76' lang='lat' dir='ltr'>habere</span> <span class='ocrx_word' id='word_1_133' title='bbox 1409 1690 1435 1728; x_wconf 87' lang='lat'>‚</span> <span class='ocrx_word' id='word_1_134' title='bbox 1504 1641 1569 1712; x_wconf 89' lang='lat'>&amp;</span> <span class='ocrx_word' id='word_1_135' title='bbox 1604 1640 1894 1713; x_wconf 86' lang='lat' dir='ltr'>contenti</span> <span class='ocrx_word' id='word_1_136' title='bbox 1941 1635 2225 1714; x_wconf 77' lang='lat' dir='ltr'>fortaffis</span> <span class='ocrx_word' id='word_1_137' title='bbox 2275 1655 2468 1712; x_wconf 85' lang='lat' dir='ltr'>erunt</span> <span class='ocrx_word' id='word_1_138' title='bbox 2513 1641 2691 1732; x_wconf 84' lang='lat' dir='ltr'>aequi</span> <span class='ocrx_word' id='word_1_139' title='bbox 2742 1639 3016 1709; x_wconf 62' lang='lat' dir='ltr'>lectores</span> <span class='ocrx_word' id='word_1_140' title='bbox 3068 1637 3196 1706; x_wconf 88' lang='lat' dir='ltr'>hoc</span> <span class='ocrx_word' id='word_1_141' title='bbox 3233 1633 3428 1705; x_wconf 89' lang='lat' dir='ltr'>unico</span> <span class='ocrx_word' id='word_1_142' title='bbox 3457 1683 3480 1717; x_wconf 87' lang='lat'>‚</span> <span class='ocrx_word' id='word_1_143' title='bbox 3531 1638 3717 1727; x_wconf 89' lang='lat' dir='ltr'>quod</span> <span class='ocrx_word' id='word_1_144' title='bbox 3763 1637 3849 1711; x_wconf 77' lang='lat' dir='ltr'>de</span> 
     </span>
     <span class='ocr_line' id='line_1_14' title="bbox 851 1728 3851 1833; baseline -0.002 -26"><span class='ocrx_word' id='word_1_145' title='bbox 851 1740 856 1747; x_wconf 86' lang='lat'><em>&#39;</em></span> <span class='ocrx_word' id='word_1_146' title='bbox 925 1762 1001 1808; x_wconf 87' lang='lat' dir='ltr'>re</span> <span class='ocrx_word' id='word_1_147' title='bbox 1034 1757 1178 1809; x_wconf 88' lang='lat' dir='ltr'>tarn</span> <span class='ocrx_word' id='word_1_148' title='bbox 1233 1738 1591 1833; x_wconf 86' lang='lat' dir='ltr'>longinqua</span> <span class='ocrx_word' id='word_1_149' title='bbox 1640 1740 1822 1813; x_wconf 75' lang='lat' dir='ltr'>certo</span> <span class='ocrx_word' id='word_1_150' title='bbox 1863 1735 2210 1812; x_wconf 83' lang='lat' dir='ltr'>affirmare</span> <span class='ocrx_word' id='word_1_151' title='bbox 2235 1739 2427 1832; x_wconf 77' lang='lat' dir='ltr'>potui</span> <span class='ocrx_word' id='word_1_152' title='bbox 2472 1786 2498 1826; x_wconf 74' lang='lat' dir='ltr'>a</span> <span class='ocrx_word' id='word_1_153' title='bbox 2546 1740 2627 1810; x_wconf 76' lang='grc' dir='ltr'>8ε1</span> <span class='ocrx_word' id='word_1_154' title='bbox 2678 1732 2859 1808; x_wconf 82' lang='lat' dir='ltr'>haud</span> <span class='ocrx_word' id='word_1_155' title='bbox 2900 1731 3084 1821; x_wconf 47' lang='lat' dir='ltr'>scion,</span> <span class='ocrx_word' id='word_1_156' title='bbox 3121 1756 3209 1805; x_wconf 82' lang='lat' dir='ltr'>an</span> <span class='ocrx_word' id='word_1_157' title='bbox 3249 1734 3381 1805; x_wconf 78' lang='lat' dir='ltr'>hoc</span> <span class='ocrx_word' id='word_1_158' title='bbox 3422 1728 3661 1824; x_wconf 71' lang='lat' dir='ltr'>ipsum„-</span> <span class='ocrx_word' id='word_1_159' title='bbox 3710 1735 3851 1832; x_wconf 72' lang='lat' dir='ltr'>qui..</span> 
     </span>
     <span class='ocr_line' id='line_1_15' title="bbox 929 1831 2064 1912; baseline 0.004 -6"><span class='ocrx_word' id='word_1_160' title='bbox 929 1831 1209 1908; x_wconf 86' lang='lat' dir='ltr'>busdam</span> <span class='ocrx_word' id='word_1_161' title='bbox 1256 1840 1696 1909; x_wconf 82' lang='lat' dir='ltr'>temerarium·</span> <span class='ocrx_word' id='word_1_162' title='bbox 1722 1835 2064 1912; x_wconf 61' lang='lat' dir='ltr'>videature</span> 
     </span>
    </p>

    <p class='ocr_par' dir='ltr' id='par_1_4' title="bbox 905 1930 3855 2717">
     <span class='ocr_line' id='line_1_16' title="bbox 1121 1930 3855 2030; baseline 0.001 -24"><span class='ocrx_word' id='word_1_163' title='bbox 1121 1934 1297 2006; x_wconf 88' lang='lat' dir='ltr'>XV.</span> <span class='ocrx_word' id='word_1_164' title='bbox 1372 1935 1439 2009; x_wconf 91' lang='lat' dir='ltr'>Si</span> <span class='ocrx_word' id='word_1_165' title='bbox 1488 1956 1712 2007; x_wconf 86' lang='lat' dir='ltr'>tamen</span> <span class='ocrx_word' id='word_1_166' title='bbox 1752 1936 1896 2030; x_wconf 83' lang='lat' dir='ltr'>post</span> <span class='ocrx_word' id='word_1_167' title='bbox 1918 1936 2543 2011; x_wconf 81' lang='lat' dir='ltr'>demonstrationem</span> <span class='ocrx_word' id='word_1_168' title='bbox 2586 1935 2982 2027; x_wconf 68' lang='lat' dir='ltr'>conjecturae</span> <span class='ocrx_word' id='word_1_169' title='bbox 3008 1935 3188 2007; x_wconf 87' lang='lat' dir='ltr'>locus</span> <span class='ocrx_word' id='word_1_170' title='bbox 3222 1931 3345 2004; x_wconf 72' lang='lat' dir='ltr'>esf:</span> <span class='ocrx_word' id='word_1_171' title='bbox 3387 1950 3465 2005; x_wconf 89' lang='lat' dir='ltr'>ut</span> <span class='ocrx_word' id='word_1_172' title='bbox 3510 1930 3855 2009; x_wconf 67' lang='lat' dir='ltr'>mundum</span> 
     </span>
     <span class='ocr_line' id='line_1_17' title="bbox 924 2027 3842 2129; baseline -0 -27"><span class='ocrx_word' id='word_1_173' title='bbox 924 2027 1315 2124; x_wconf 81' lang='lat' dir='ltr'>sphaericum</span> <span class='ocrx_word' id='word_1_174' title='bbox 1370 2030 1490 2104; x_wconf 83' lang='lat' dir='ltr'>effe</span> <span class='ocrx_word' id='word_1_175' title='bbox 1538 2059 1674 2104; x_wconf 87' lang='lat' dir='ltr'>non</span> <span class='ocrx_word' id='word_1_176' title='bbox 1738 2056 1922 2107; x_wconf 76' lang='lat' dir='ltr'>certo</span> <span class='ocrx_word' id='word_1_177' title='bbox 1976 2033 2392 2109; x_wconf 81' lang='lat' dir='ltr'>affirmamus</span> <span class='ocrx_word' id='word_1_178' title='bbox 2430 2087 2454 2124; x_wconf 88' lang='lat'>,</span> <span class='ocrx_word' id='word_1_179' title='bbox 2497 2038 2587 2106; x_wconf 87' lang='lat' dir='ltr'>ita</span> <span class='ocrx_word' id='word_1_180' title='bbox 2640 2036 2816 2107; x_wconf 80' lang='lat' dir='ltr'>idem</span> <span class='ocrx_word' id='word_1_181' title='bbox 2854 2031 3194 2129; x_wconf 82' lang='lat' dir='ltr'>probabile</span> <span class='ocrx_word' id='word_1_182' title='bbox 3237 2028 3355 2103; x_wconf 79' lang='lat' dir='ltr'>effe</span> <span class='ocrx_word' id='word_1_183' title='bbox 3405 2082 3426 2114; x_wconf 89' lang='lat'>,</span> <span class='ocrx_word' id='word_1_184' title='bbox 3471 2052 3610 2101; x_wconf 91' lang='lat' dir='ltr'>non</span> <span class='ocrx_word' id='word_1_185' title='bbox 3650 2057 3842 2126; x_wconf 69' lang='lat' dir='ltr'>nega.-</span> 
     </span>
     <span class='ocr_line' id='line_1_18' title="bbox 921 2129 3839 2231; baseline 0 -31"><span class='ocrx_word' id='word_1_186' title='bbox 921 2151 1097 2201; x_wconf 77' lang='lat' dir='ltr'>mus,</span> <span class='ocrx_word' id='word_1_187' title='bbox 1213 2130 1410 2202; x_wconf 74' lang='lat' dir='ltr'>Cum·</span> <span class='ocrx_word' id='word_1_188' title='bbox 1441 2131 1623 2203; x_wconf 87' lang='lat' dir='ltr'>enim</span> <span class='ocrx_word' id='word_1_189' title='bbox 1680 2131 1873 2207; x_wconf 65' lang='lat' dir='ltr'>Deus</span> <span class='ocrx_word' id='word_1_190' title='bbox 1926 2131 2012 2206; x_wconf 84' lang='lat' dir='ltr'>fit</span> <span class='ocrx_word' id='word_1_191' title='bbox 2061 2135 2597 2231; x_wconf 83' lang='lat' dir='ltr'>agensomnium</span> <span class='ocrx_word' id='word_1_192' title='bbox 2642 2129 3202 2228; x_wconf 84' lang='lat' dir='ltr'>sapientiffimum,</span> <span class='ocrx_word' id='word_1_193' title='bbox 3258 2129 3839 2220; x_wconf 69' lang='lat' dir='ltr'>credendum-eliz,</span> 
     </span>
     <span class='ocr_line' id='line_1_19' title="bbox 924 2221 3835 2326; baseline 0.002 -30"><span class='ocrx_word' id='word_1_194' title='bbox 924 2250 1085 2297; x_wconf 88' lang='lat' dir='ltr'>eum</span> <span class='ocrx_word' id='word_1_195' title='bbox 1136 2221 1546 2322; x_wconf 84' lang='lat' dir='ltr'>fimpliffimo</span> <span class='ocrx_word' id='word_1_196' title='bbox 1608 2255 1876 2324; x_wconf 84' lang='lat' dir='ltr'>quoqne</span> <span class='ocrx_word' id='word_1_197' title='bbox 1905 2234 2110 2306; x_wconf 85' lang='lat' dir='ltr'>modo</span> <span class='ocrx_word' id='word_1_198' title='bbox 2161 2258 2372 2326; x_wconf 83' lang='lat' dir='ltr'>agere.</span> <span class='ocrx_word' id='word_1_199' title='bbox 2507 2231 2627 2304; x_wconf 84' lang='lat' dir='ltr'>Uti</span> <span class='ocrx_word' id='word_1_200' title='bbox 2697 2233 3044 2324; x_wconf 74' lang='lat' dir='ltr'>imperitiae</span> <span class='ocrx_word' id='word_1_201' title='bbox 3086 2228 3180 2300; x_wconf 88' lang='lat' dir='ltr'>est</span> <span class='ocrx_word' id='word_1_202' title='bbox 3230 2227 3297 2298; x_wconf 91' lang='lat' dir='ltr'>in</span> <span class='ocrx_word' id='word_1_203' title='bbox 3350 2223 3611 2299; x_wconf 85' lang='lat' dir='ltr'>artifice.</span> <span class='ocrx_word' id='word_1_204' title='bbox 3642 2228 3835 2321; x_wconf 72' lang='lat' dir='ltr'>pluri-</span> 
     </span>
     <span class='ocr_line' id='line_1_20' title="bbox 909 2320 3834 2422; baseline 0.002 -27"><span class='ocrx_word' id='word_1_205' title='bbox 909 2320 1051 2395; x_wconf 89' lang='lat' dir='ltr'>·bus</span> <span class='ocrx_word' id='word_1_206' title='bbox 1098 2325 1197 2394; x_wconf 89' lang='lat' dir='ltr'>uti</span> <span class='ocrx_word' id='word_1_207' title='bbox 1252 2325 1694 2399; x_wconf 83' lang='lat' dir='ltr'>instrumentis</span> <span class='ocrx_word' id='word_1_208' title='bbox 1722 2379 1754 2415; x_wconf 69' lang='lat'><em>5</em></span> <span class='ocrx_word' id='word_1_209' title='bbox 1795 2330 1880 2401; x_wconf 93' lang='lat' dir='ltr'>ad</span> <span class='ocrx_word' id='word_1_210' title='bbox 1923 2327 2296 2401; x_wconf 82' lang='lat' dir='ltr'>faciendum</span> <span class='ocrx_word' id='word_1_211' title='bbox 2347 2328 2414 2400; x_wconf 91' lang='lat' dir='ltr'>id</span> <span class='ocrx_word' id='word_1_212' title='bbox 2461 2378 2486 2416; x_wconf 79' lang='lat'><em>,</em></span> <span class='ocrx_word' id='word_1_213' title='bbox 2551 2329 2733 2422; x_wconf 87' lang='lat' dir='ltr'>quod</span> <span class='ocrx_word' id='word_1_214' title='bbox 2770 2325 3189 2422; x_wconf 78' lang='lat' dir='ltr'>paucioribus</span> <span class='ocrx_word' id='word_1_215' title='bbox 3237 2350 3434 2418; x_wconf 81' lang='lat' dir='ltr'>aeque</span> <span class='ocrx_word' id='word_1_216' title='bbox 3482 2326 3834 2400; x_wconf 58' lang='lat' dir='ltr'>commo&amp;</span> 
     </span>
     <span class='ocr_line' id='line_1_21' title="bbox 905 2417 3838 2522; baseline 0.002 -27"><span class='ocrx_word' id='word_1_217' title='bbox 905 2417 1067 2495; x_wconf 72' lang='lat' dir='ltr'>fieri</span> <span class='ocrx_word' id='word_1_218' title='bbox 1112 2422 1361 2515; x_wconf 79' lang='lat' dir='ltr'>potest3</span> <span class='ocrx_word' id='word_1_219' title='bbox 1399 2427 1490 2497; x_wconf 88' lang='lat' dir='ltr'>ita</span> <span class='ocrx_word' id='word_1_220' title='bbox 1522 2451 1786 2522; x_wconf 89' lang='lat' dir='ltr'>quoque</span> <span class='ocrx_word' id='word_1_221' title='bbox 1832 2428 2182 2517; x_wconf 84' lang='lat' dir='ltr'>imperitiae</span> <span class='ocrx_word' id='word_1_222' title='bbox 2238 2425 2330 2498; x_wconf 89' lang='lat' dir='ltr'>est</span> <span class='ocrx_word' id='word_1_223' title='bbox 2352 2477 2374 2511; x_wconf 91' lang='lat'>‚</span> <span class='ocrx_word' id='word_1_224' title='bbox 2420 2451 2660 2519; x_wconf 88' lang='lat' dir='ltr'>magna</span> <span class='ocrx_word' id='word_1_225' title='bbox 2713 2427 3037 2499; x_wconf 85' lang='lat' dir='ltr'>includere</span> <span class='ocrx_word' id='word_1_226' title='bbox 3078 2429 3265 2498; x_wconf 83' lang='lat' dir='ltr'>theca</span> <span class='ocrx_word' id='word_1_227' title='bbox 3286 2476 3307 2510; x_wconf 89' lang='lat'><em>,</em></span> <span class='ocrx_word' id='word_1_228' title='bbox 3348 2424 3530 2517; x_wconf 90' lang='lat' dir='ltr'>quod</span> <span class='ocrx_word' id='word_1_229' title='bbox 3574 2426 3838 2501; x_wconf 74' lang='lat' dir='ltr'>minore</span> 
     </span>
     <span class='ocr_line' id='line_1_22' title="bbox 926 2520 3831 2717; baseline 0.002 -27"><span class='ocrx_word' id='word_1_230' title='bbox 926 2544 1044 2691; x_wconf 62' lang='lat'>{3⁹</span> <span class='ocrx_word' id='word_1_231' title='bbox 1054 2520 1650 2713; x_wconf 51' lang='lat' dir='ltr'>lussz&#39;ssssffanffff</span> <span class='ocrx_word' id='word_1_232' title='bbox 1699 2523 3433 2717; x_wconf 38' lang='lat' dir='ltr'>”BQ-212}-3a⁰⁵1ssffisstffliffiffls²0ssffiqissffl</span> <span class='ocrx_word' id='word_1_233' title='bbox 3458 2524 3831 2715; x_wconf 55' lang='lat' dir='ltr'>“gffsssswi</span> 
     </span>
    </p>

    <p class='ocr_par' dir='ltr' id='par_1_5' title="bbox 1620 2672 3844 2710">
     <span class='ocr_line' id='line_1_23' title="bbox 1620 2672 3844 2710; baseline 0.001 -3"><span class='ocrx_word' id='word_1_234' title='bbox 1620 2675 1637 2693; x_wconf 92' lang='lat'><strong>·</strong></span> <span class='ocrx_word' id='word_1_235' title='bbox 2652 2674 2674 2709; x_wconf 73' lang='lat'>²</span> <span class='ocrx_word' id='word_1_236' title='bbox 3456 2672 3480 2708; x_wconf 75' lang='lat'>²</span> <span class='ocrx_word' id='word_1_237' title='bbox 3707 2673 3736 2710; x_wconf 72' lang='lat' dir='ltr'>e</span> <span class='ocrx_word' id='word_1_238' title='bbox 3839 2682 3844 2686; x_wconf 94' lang='lat'>·</span> 
     </span>
    </p>

    <p class='ocr_par' dir='ltr' id='par_1_6' title="bbox 839 2715 3857 4692">
     <span class='ocr_line' id='line_1_24' title="bbox 925 2715 3825 2815; baseline 0.001 -25"><span class='ocrx_word' id='word_1_239' title='bbox 925 2740 1078 2790; x_wconf 82' lang='lat' dir='ltr'>oum</span> <span class='ocrx_word' id='word_1_240' title='bbox 1126 2719 1501 2793; x_wconf 87' lang='lat' dir='ltr'>admiranda</span> <span class='ocrx_word' id='word_1_241' title='bbox 1540 2715 1946 2795; x_wconf 61' lang='lat' dir='ltr'>effectorum*</span> <span class='ocrx_word' id='word_1_242' title='bbox 1972 2722 2131 2794; x_wconf 83' lang='lat' dir='ltr'>inde</span> <span class='ocrx_word' id='word_1_243' title='bbox 2162 2740 2499 2809; x_wconf 81' lang='lat' dir='ltr'>natorum</span> <span class='ocrx_word' id='word_1_244' title='bbox 2524 2722 2942 2794; x_wconf 83' lang='lat' dir='ltr'>multitudine</span> <span class='ocrx_word' id='word_1_245' title='bbox 2984 2725 3048 2795; x_wconf 66' lang='grc' dir='ltr'>ἃ</span> <span class='ocrx_word' id='word_1_246' title='bbox 3091 2720 3402 2792; x_wconf 87' lang='lat' dir='ltr'>varietate</span> <span class='ocrx_word' id='word_1_247' title='bbox 3457 2744 3825 2815; x_wconf 69' lang='lat' dir='ltr'>compara-</span> 
     </span>
     <span class='ocr_line' id='line_1_25' title="bbox 923 2814 3847 2917; baseline 0.002 -31"><span class='ocrx_word' id='word_1_248' title='bbox 923 2831 1031 2887; x_wconf 89' lang='lat' dir='ltr'>tur</span> <span class='ocrx_word' id='word_1_249' title='bbox 1058 2865 1083 2902; x_wconf 88' lang='lat'>‚</span> <span class='ocrx_word' id='word_1_250' title='bbox 1142 2814 1294 2890; x_wconf 85' lang='lat' dir='ltr'>sunt</span> <span class='ocrx_word' id='word_1_251' title='bbox 1331 2816 1732 2914; x_wconf 82' lang='lat' dir='ltr'>pauciffimae</span> <span class='ocrx_word' id='word_1_252' title='bbox 1783 2824 1848 2895; x_wconf 88' lang='lat'>&amp;</span> <span class='ocrx_word' id='word_1_253' title='bbox 1887 2817 2395 2916; x_wconf 78' lang='lat' dir='ltr'>fimplieiffimae.</span> <span class='ocrx_word' id='word_1_254' title='bbox 2485 2820 2690 2911; x_wconf 80' lang='lat' dir='ltr'>Qod</span> <span class='ocrx_word' id='word_1_255' title='bbox 2717 2816 2764 2891; x_wconf 87' lang='lat' dir='ltr'><strong>fi</strong></span> <span class='ocrx_word' id='word_1_256' title='bbox 2817 2821 3012 2917; x_wconf 83' lang='lat' dir='ltr'>igitur</span> <span class='ocrx_word' id='word_1_257' title='bbox 3051 2820 3305 2893; x_wconf 78' lang='lat' dir='ltr'>minore</span> <span class='ocrx_word' id='word_1_258' title='bbox 3336 2814 3847 2913; x_wconf 64' lang='lat' dir='ltr'>superficiem</span> 
     </span>
     <span class='ocr_line' id='line_1_26' title="bbox 895 2912 3827 3013; baseline 0.003 -31"><span class='ocrx_word' id='word_1_259' title='bbox 895 2912 1101 2998; x_wconf 66' lang='lat' dir='ltr'>‘yasta</span> <span class='ocrx_word' id='word_1_260' title='bbox 1156 2933 1440 3009; x_wconf 72' lang='lat' dir='ltr'>tamque</span> <span class='ocrx_word' id='word_1_261' title='bbox 1463 2921 1673 2998; x_wconf 85' lang='lat' dir='ltr'>multa</span> <span class='ocrx_word' id='word_1_262' title='bbox 1723 2922 1793 2990; x_wconf 84' lang='lat' dir='ltr'>in</span> <span class='ocrx_word' id='word_1_263' title='bbox 1826 2921 1954 2992; x_wconf 85' lang='lat' dir='ltr'>hoc</span> <span class='ocrx_word' id='word_1_264' title='bbox 2001 2921 2263 2993; x_wconf 86' lang='lat' dir='ltr'>mundo·</span> <span class='ocrx_word' id='word_1_265' title='bbox 2310 2945 2597 3011; x_wconf 79' lang='lat' dir='ltr'>corpora·</span> <span class='ocrx_word' id='word_1_266' title='bbox 2627 2921 2970 3012; x_wconf 69' lang='lat' dir='ltr'>complesti</span> <span class='ocrx_word' id='word_1_267' title='bbox 3016 2918 3234 3013; x_wconf 82' lang='lat' dir='ltr'>potuit</span> <span class='ocrx_word' id='word_1_268' title='bbox 3280 2917 3418 3008; x_wconf 82' lang='lat' dir='ltr'>ejus</span> <span class='ocrx_word' id='word_1_269' title='bbox 3469 2916 3693 3011; x_wconf 80' lang='lat' dir='ltr'>opifex</span> <span class='ocrx_word' id='word_1_270' title='bbox 3733 2918 3827 2992; x_wconf 69' lang='lat' dir='ltr'>sa-</span> 
     </span>
     <span class='ocr_line' id='line_1_27' title="bbox 918 3007 3822 3107; baseline 0.004 -26"><span class='ocrx_word' id='word_1_271' title='bbox 918 3007 1347 3104; x_wconf 84' lang='lat' dir='ltr'>pientiffimus</span> <span class='ocrx_word' id='word_1_272' title='bbox 1370 3064 1395 3102; x_wconf 90' lang='lat'>‚</span> <span class='ocrx_word' id='word_1_273' title='bbox 1438 3013 1741 3087; x_wconf 73' lang='lat' dir='ltr'>credibile</span> <span class='ocrx_word' id='word_1_274' title='bbox 1788 3041 1926 3088; x_wconf 87' lang='lat' dir='ltr'>non</span> <span class='ocrx_word' id='word_1_275' title='bbox 1972 3017 2093 3089; x_wconf 78' lang='lat' dir='ltr'>est,</span> <span class='ocrx_word' id='word_1_276' title='bbox 2144 3041 2300 3089; x_wconf 86' lang='lat' dir='ltr'>eum</span> <span class='ocrx_word' id='word_1_277' title='bbox 2351 3017 2584 3107; x_wconf 67' lang='lat' dir='ltr'>majori</span> <span class='ocrx_word' id='word_1_278' title='bbox 2648 3019 2806 3089; x_wconf 84' lang='lat' dir='ltr'>citra</span> <span class='ocrx_word' id='word_1_279' title='bbox 2887 3011 3326 3089; x_wconf 81' lang='lat' dir='ltr'>neceffitatem</span> <span class='ocrx_word' id='word_1_280' title='bbox 3380 3014 3575 3088; x_wconf 86' lang='lat' dir='ltr'>usum</span> <span class='ocrx_word' id='word_1_281' title='bbox 3621 3013 3822 3092; x_wconf 70' lang='lat' dir='ltr'>fn&#39;iffis.</span> 
     </span>
     <span class='ocr_line' id='line_1_28' title="bbox 921 3109 3828 3209; baseline 0.002 -25"><span class='ocrx_word' id='word_1_282' title='bbox 921 3109 1047 3184; x_wconf 86' lang='lat' dir='ltr'>Sed</span> <span class='ocrx_word' id='word_1_283' title='bbox 1087 3111 1328 3183; x_wconf 82' lang='lat' dir='ltr'>minori</span> <span class='ocrx_word' id='word_1_284' title='bbox 1372 3110 1704 3207; x_wconf 84' lang='lat' dir='ltr'>superficie</span> <span class='ocrx_word' id='word_1_285' title='bbox 1744 3135 1819 3185; x_wconf 85' lang='lat' dir='ltr'>ea</span> <span class='ocrx_word' id='word_1_286' title='bbox 1865 3113 2410 3207; x_wconf 81' lang='lat' dir='ltr'>comprehendere</span> <span class='ocrx_word' id='word_1_287' title='bbox 2440 3138 2575 3183; x_wconf 90' lang='lat' dir='ltr'>non</span> <span class='ocrx_word' id='word_1_288' title='bbox 2611 3117 2863 3207; x_wconf 83' lang='lat' dir='ltr'>potuit,</span> <span class='ocrx_word' id='word_1_289' title='bbox 2916 3125 3125 3209; x_wconf 80' lang='lat' dir='ltr'>quam</span> <span class='ocrx_word' id='word_1_290' title='bbox 3167 3113 3470 3207; x_wconf 74' lang='lat' dir='ltr'>sphaerica</span> <span class='ocrx_word' id='word_1_291' title='bbox 3506 3141 3530 3184; x_wconf 73' lang='lat' dir='ltr'><em>z</em></span> <span class='ocrx_word' id='word_1_292' title='bbox 3588 3114 3727 3189; x_wconf 79' lang='lat' dir='ltr'>sola</span> <span class='ocrx_word' id='word_1_293' title='bbox 3760 3142 3828 3190; x_wconf 80' lang='grc' dir='ltr'>ο-</span> 
     </span>
     <span class='ocr_line' id='line_1_29' title="bbox 917 3206 3824 3307; baseline 0.002 -25"><span class='ocrx_word' id='word_1_294' title='bbox 917 3209 1060 3282; x_wconf 88' lang='lat' dir='ltr'>nim</span> <span class='ocrx_word' id='word_1_295' title='bbox 1110 3206 1358 3304; x_wconf 79' lang='lat' dir='ltr'>sphaera</span> <span class='ocrx_word' id='word_1_296' title='bbox 1401 3212 1526 3284; x_wconf 78' lang='lat' dir='ltr'>tale</span> <span class='ocrx_word' id='word_1_297' title='bbox 1559 3236 1793 3305; x_wconf 89' lang='lat' dir='ltr'>corpus</span> <span class='ocrx_word' id='word_1_298' title='bbox 1833 3210 1963 3299; x_wconf 89' lang='lat' dir='ltr'>est,</span> <span class='ocrx_word' id='word_1_299' title='bbox 1996 3212 2177 3306; x_wconf 88' lang='lat' dir='ltr'>quod</span> <span class='ocrx_word' id='word_1_300' title='bbox 2216 3236 2339 3306; x_wconf 90' lang='lat' dir='ltr'>pro</span> <span class='ocrx_word' id='word_1_301' title='bbox 2376 3206 2628 3285; x_wconf 78' lang='lat' dir='ltr'>ratione</span> <span class='ocrx_word' id='word_1_302' title='bbox 2671 3213 3126 3307; x_wconf 84' lang='lat' dir='ltr'>magnitudinis</span> <span class='ocrx_word' id='word_1_303' title='bbox 3171 3212 3306 3284; x_wconf 84' lang='lat' dir='ltr'>suae</span> <span class='ocrx_word' id='word_1_304' title='bbox 3328 3264 3352 3298; x_wconf 88' lang='lat'><em>‚</em></span> <span class='ocrx_word' id='word_1_305' title='bbox 3397 3214 3465 3285; x_wconf 86' lang='lat'>&amp;</span> <span class='ocrx_word' id='word_1_306' title='bbox 3502 3211 3824 3288; x_wconf 66' lang='lat' dir='ltr'>menfic-</span> 
     </span>
     <span class='ocr_line' id='line_1_30' title="bbox 916 3306 3829 3406; baseline 0.002 -26"><span class='ocrx_word' id='word_1_307' title='bbox 916 3309 1018 3380; x_wconf 80' lang='lat' dir='ltr'>nis</span> <span class='ocrx_word' id='word_1_308' title='bbox 1073 3332 1275 3401; x_wconf 86' lang='lat' dir='ltr'>quam</span> <span class='ocrx_word' id='word_1_309' title='bbox 1318 3309 1845 3406; x_wconf 77' lang='lat' dir='ltr'>comprehendit,</span> <span class='ocrx_word' id='word_1_310' title='bbox 1878 3312 2223 3383; x_wconf 84' lang='lat' dir='ltr'>minimam</span> <span class='ocrx_word' id='word_1_311' title='bbox 2267 3306 2672 3405; x_wconf 86' lang='lat' dir='ltr'>superficiem</span> <span class='ocrx_word' id='word_1_312' title='bbox 2723 3309 2941 3385; x_wconf 82' lang='lat' dir='ltr'>habet.</span> <span class='ocrx_word' id='word_1_313' title='bbox 3037 3313 3162 3385; x_wconf 85' lang='lat' dir='ltr'>Sed</span> <span class='ocrx_word' id='word_1_314' title='bbox 3211 3329 3433 3382; x_wconf 84' lang='lat' dir='ltr'>tamen</span> <span class='ocrx_word' id='word_1_315' title='bbox 3484 3311 3566 3384; x_wconf 89' lang='lat' dir='ltr'>de</span> <span class='ocrx_word' id='word_1_316' title='bbox 3609 3310 3829 3405; x_wconf 80' lang='lat' dir='ltr'>super-</span> 
     </span>
     <span class='ocr_line' id='line_1_31' title="bbox 887 3403 3857 3503; baseline 0.002 -25"><span class='ocrx_word' id='word_1_317' title='bbox 887 3403 1067 3479; x_wconf 88' lang='lat' dir='ltr'>&#39;ficie</span> <span class='ocrx_word' id='word_1_318' title='bbox 1106 3410 1335 3482; x_wconf 85' lang='lat' dir='ltr'>mundi</span> <span class='ocrx_word' id='word_1_319' title='bbox 1383 3409 1692 3503; x_wconf 75' lang='lat' dir='ltr'>sphaerica</span> <span class='ocrx_word' id='word_1_320' title='bbox 1744 3410 1914 3482; x_wconf 84' lang='lat' dir='ltr'>nihil·</span> <span class='ocrx_word' id='word_1_321' title='bbox 1953 3429 2135 3483; x_wconf 86' lang='lat' dir='ltr'>certo</span> <span class='ocrx_word' id='word_1_322' title='bbox 2184 3408 2540 3483; x_wconf 82' lang='lat' dir='ltr'>statuimus.</span> <span class='ocrx_word' id='word_1_323' title='bbox 2621 3408 2890 3500; x_wconf 76' lang='lat' dir='ltr'>Qodfi</span> <span class='ocrx_word' id='word_1_324' title='bbox 2933 3414 3037 3484; x_wconf 89' lang='lat' dir='ltr'>cui</span> <span class='ocrx_word' id='word_1_325' title='bbox 3086 3410 3435 3482; x_wconf 74' lang='lat' dir='ltr'>haec-ratio</span> <span class='ocrx_word' id='word_1_326' title='bbox 3465 3405 3857 3502; x_wconf 69' lang='lat' dir='ltr'>probabilis·-</span> 
     </span>
     <span class='ocr_line' id='line_1_32' title="bbox 916 3504 3825 3602; baseline 0.002 -27"><span class='ocrx_word' id='word_1_327' title='bbox 916 3506 1177 3577; x_wconf 73' lang='lat' dir='ltr'>videtur</span> <span class='ocrx_word' id='word_1_328' title='bbox 1211 3558 1235 3595; x_wconf 88' lang='lat'>‚</span> <span class='ocrx_word' id='word_1_329' title='bbox 1274 3525 1353 3579; x_wconf 84' lang='lat' dir='ltr'>ut</span> <span class='ocrx_word' id='word_1_330' title='bbox 1402 3528 1581 3580; x_wconf 85' lang='lat' dir='ltr'>certe</span> <span class='ocrx_word' id='word_1_331' title='bbox 1628 3505 1981 3602; x_wconf 81' lang='lat' dir='ltr'>probabilis</span> <span class='ocrx_word' id='word_1_332' title='bbox 2029 3508 2392 3582; x_wconf 80' lang='lat' dir='ltr'>admodum</span> <span class='ocrx_word' id='word_1_333' title='bbox 2438 3507 2551 3582; x_wconf 84' lang='lat' dir='ltr'>est·</span> <span class='ocrx_word' id='word_1_334' title='bbox 2572 3560 2597 3596; x_wconf 85' lang='lat'>‚</span> <span class='ocrx_word' id='word_1_335' title='bbox 2638 3510 2879 3583; x_wconf 77' lang='lat' dir='ltr'>statuat</span> <span class='ocrx_word' id='word_1_336' title='bbox 2955 3511 3085 3582; x_wconf 90' lang='lat' dir='ltr'>ille·</span> <span class='ocrx_word' id='word_1_337' title='bbox 3128 3509 3455 3580; x_wconf 83' lang='lat' dir='ltr'>mundum</span> <span class='ocrx_word' id='word_1_338' title='bbox 3502 3504 3825 3600; x_wconf 75' lang='lat' dir='ltr'>sphaeram</span> 
     </span>
     <span class='ocr_line' id='line_1_33' title="bbox 916 3599 3827 3699; baseline 0.002 -24"><span class='ocrx_word' id='word_1_339' title='bbox 916 3599 1074 3688; x_wconf 84' lang='lat' dir='ltr'>effe,</span> <span class='ocrx_word' id='word_1_340' title='bbox 1114 3607 1184 3676; x_wconf 70' lang='grc' dir='ltr'>δι’</span> <span class='ocrx_word' id='word_1_341' title='bbox 1226 3604 1546 3698; x_wconf 70' lang='lat' dir='ltr'>sphaeram</span> <span class='ocrx_word' id='word_1_342' title='bbox 1585 3609 1853 3698; x_wconf 82' lang='lat' dir='ltr'>quidem</span> <span class='ocrx_word' id='word_1_343' title='bbox 1906 3604 2472 3699; x_wconf 67' lang='lat' dir='ltr'>perfestiffimam,</span> <span class='ocrx_word' id='word_1_344' title='bbox 2511 3605 2630 3679; x_wconf 81' lang='lat' dir='ltr'>ubi</span> <span class='ocrx_word' id='word_1_345' title='bbox 2652 3631 2881 3682; x_wconf 73' lang='lat' dir='ltr'>omnes</span> <span class='ocrx_word' id='word_1_346' title='bbox 2919 3609 3108 3681; x_wconf 79' lang='lat' dir='ltr'>lineae</span> <span class='ocrx_word' id='word_1_347' title='bbox 3157 3608 3359 3678; x_wconf 65' lang='lat' dir='ltr'>restae</span> <span class='ocrx_word' id='word_1_348' title='bbox 3400 3613 3710 3680; x_wconf 60' lang='lat' dir='ltr'>anenno</span> <span class='ocrx_word' id='word_1_349' title='bbox 3740 3605 3827 3680; x_wconf 79' lang='lat' dir='ltr'>ad</span> 
     </span>
     <span class='ocr_line' id='line_1_34' title="bbox 912 3702 3827 3800; baseline 0.003 -28"><span class='ocrx_word' id='word_1_350' title='bbox 912 3702 1348 3795; x_wconf 83' lang='lat' dir='ltr'>peripheriam</span> <span class='ocrx_word' id='word_1_351' title='bbox 1397 3704 1616 3776; x_wconf 54' lang='lat' dir='ltr'>ductae</span> <span class='ocrx_word' id='word_1_352' title='bbox 1639 3702 1818 3775; x_wconf 80' lang='lat' dir='ltr'>sunt·</span> <span class='ocrx_word' id='word_1_353' title='bbox 1838 3703 2294 3798; x_wconf 66' lang='lat' dir='ltr'>perfefflffime</span> <span class='ocrx_word' id='word_1_354' title='bbox 2348 3706 2681 3798; x_wconf 58' lang='lat' dir='ltr'>aequalem</span> <span class='ocrx_word' id='word_1_355' title='bbox 2728 3705 2795 3777; x_wconf 91' lang='lat' dir='ltr'>id</span> <span class='ocrx_word' id='word_1_356' title='bbox 2835 3707 3018 3799; x_wconf 91' lang='lat' dir='ltr'>quod</span> <span class='ocrx_word' id='word_1_357' title='bbox 3063 3727 3215 3778; x_wconf 80' lang='lat' dir='ltr'>cum</span> <span class='ocrx_word' id='word_1_358' title='bbox 3268 3704 3562 3776; x_wconf 76' lang='lat' dir='ltr'>laevitate</span> <span class='ocrx_word' id='word_1_359' title='bbox 3587 3702 3827 3800; x_wconf 71' lang='lat' dir='ltr'>figurae</span> 
     </span>
     <span class='ocr_line' id='line_1_35' title="bbox 909 3799 3826 3897; baseline 0.002 -26"><span class='ocrx_word' id='word_1_360' title='bbox 909 3799 1139 3871; x_wconf 85' lang='lat' dir='ltr'>mnndi</span> <span class='ocrx_word' id='word_1_361' title='bbox 1167 3848 1197 3886; x_wconf 84' lang='lat'>‚</span> <span class='ocrx_word' id='word_1_362' title='bbox 1249 3825 1449 3894; x_wconf 78' lang='lat' dir='ltr'>quam</span> <span class='ocrx_word' id='word_1_363' title='bbox 1496 3818 1648 3873; x_wconf 81' lang='lat' dir='ltr'>ante</span> <span class='ocrx_word' id='word_1_364' title='bbox 1694 3800 2324 3892; x_wconf 73' lang='lat' dir='ltr'>demonstravimus,</span> <span class='ocrx_word' id='word_1_365' title='bbox 2369 3804 2618 3897; x_wconf 84' lang='lat' dir='ltr'>optime</span> <span class='ocrx_word' id='word_1_366' title='bbox 2668 3807 2994 3878; x_wconf 72' lang='lat' dir='ltr'>convenit⁴</span> <span class='ocrx_word' id='word_1_367' title='bbox 3074 3802 3451 3893; x_wconf 78' lang='lat' dir='ltr'>Qudnam.</span> <span class='ocrx_word' id='word_1_368' title='bbox 3498 3824 3723 3876; x_wconf 86' lang='lat' dir='ltr'>autem</span> <span class='ocrx_word' id='word_1_369' title='bbox 3754 3805 3826 3877; x_wconf 90' lang='lat' dir='ltr'>in</span> 
     </span>
     <span class='ocr_line' id='line_1_36' title="bbox 912 3893 3825 4012; baseline 0.002 -43"><span class='ocrx_word' id='word_1_370' title='bbox 912 3896 1034 3969; x_wconf 86' lang='lat' dir='ltr'>hac</span> <span class='ocrx_word' id='word_1_371' title='bbox 1077 3897 1334 4012; x_wconf 28' lang='lat' dir='ltr'>&#39;sphaera</span> <span class='ocrx_word' id='word_1_372' title='bbox 1390 3919 1689 3974; x_wconf 84' lang='lat' dir='ltr'>centrum</span> <span class='ocrx_word' id='word_1_373' title='bbox 1721 3893 1802 3969; x_wconf 83' lang='lat' dir='ltr'>fit</span> <span class='ocrx_word' id='word_1_374' title='bbox 1823 3945 1849 3984; x_wconf 88' lang='lat'>‚</span> <span class='ocrx_word' id='word_1_375' title='bbox 1883 3897 2044 3976; x_wconf 87' lang='lat' dir='ltr'>illud</span> <span class='ocrx_word' id='word_1_376' title='bbox 2099 3925 2315 3995; x_wconf 86' lang='lat' dir='ltr'>neque</span> <span class='ocrx_word' id='word_1_377' title='bbox 2356 3920 2535 3975; x_wconf 88' lang='lat' dir='ltr'>certo</span> <span class='ocrx_word' id='word_1_378' title='bbox 2581 3924 2797 3996; x_wconf 87' lang='lat' dir='ltr'>neque</span> <span class='ocrx_word' id='word_1_379' title='bbox 2842 3900 3281 4000; x_wconf 85' lang='lat' dir='ltr'>probabiliter</span> <span class='ocrx_word' id='word_1_380' title='bbox 3338 3924 3660 3995; x_wconf 79' lang='lat' dir='ltr'>uuquam</span> <span class='ocrx_word' id='word_1_381' title='bbox 3693 3902 3825 3977; x_wconf 80' lang='lat' dir='ltr'>dici</span> 
     </span>
     <span class='ocr_line' id='line_1_37' title="bbox 865 4013 2153 4069; baseline 0 -3"><span class='ocrx_word' id='word_1_382' title='bbox 865 4037 872 4042; x_wconf 95' lang='lat'>·</span> <span class='ocrx_word' id='word_1_383' title='bbox 993 4013 1172 4069; x_wconf 73' lang='lat' dir='ltr'>tem.-</span> <span class='ocrx_word' id='word_1_384' title='bbox 1275 4041 1280 4048; x_wconf 87' lang='lat'>-</span> <span class='ocrx_word' id='word_1_385' title='bbox 2146 4015 2153 4022; x_wconf 87' lang='grc'>·</span> 
     </span>
     <span class='ocr_line' id='line_1_38' title="bbox 898 4015 3827 4193; baseline 0.003 -28"><span class='ocrx_word' id='word_1_386' title='bbox 898 4015 990 4089; x_wconf 66' lang='lat' dir='ltr'>po</span> <span class='ocrx_word' id='word_1_387' title='bbox 1092 4094 1266 4166; x_wconf 84' lang='lat' dir='ltr'>Haec</span> <span class='ocrx_word' id='word_1_388' title='bbox 1287 4091 1406 4164; x_wconf 75' lang='lat' dir='ltr'>de·</span> <span class='ocrx_word' id='word_1_389' title='bbox 1436 4089 1651 4188; x_wconf 83' lang='lat' dir='ltr'>figura</span> <span class='ocrx_word' id='word_1_390' title='bbox 1708 4094 1958 4168; x_wconf 80' lang='lat' dir='ltr'>mundi</span> <span class='ocrx_word' id='word_1_391' title='bbox 2004 4093 2299 4170; x_wconf 83' lang='lat' dir='ltr'>meditati</span> <span class='ocrx_word' id='word_1_392' title='bbox 2353 4093 2592 4172; x_wconf 84' lang='lat' dir='ltr'>sumus.</span> <span class='ocrx_word' id='word_1_393' title='bbox 2695 4096 2911 4193; x_wconf 80' lang='lat' dir='ltr'>Qod</span> <span class='ocrx_word' id='word_1_394' title='bbox 2965 4094 3038 4171; x_wconf 67' lang='grc' dir='ltr'>ἢ·</span> <span class='ocrx_word' id='word_1_395' title='bbox 3069 4102 3176 4174; x_wconf 89' lang='lat' dir='ltr'>cui</span> <span class='ocrx_word' id='word_1_396' title='bbox 3231 4098 3335 4175; x_wconf 86' lang='lat' dir='ltr'>hic</span> <span class='ocrx_word' id='word_1_397' title='bbox 3374 4097 3564 4175; x_wconf 88' lang='lat' dir='ltr'>labor</span> <span class='ocrx_word' id='word_1_398' title='bbox 3602 4097 3827 4175; x_wconf 83' lang='lat' dir='ltr'>noster</span> 
     </span>
     <span class='ocr_line' id='line_1_39' title="bbox 861 4190 3827 4295; baseline 0.003 -31"><span class='ocrx_word' id='word_1_399' title='bbox 861 4211 866 4222; x_wconf 91' lang='lat'>·</span> <span class='ocrx_word' id='word_1_400' title='bbox 902 4192 1145 4265; x_wconf 79' lang='lat' dir='ltr'>inutilis</span> <span class='ocrx_word' id='word_1_401' title='bbox 1181 4190 1522 4278; x_wconf 86' lang='lat' dir='ltr'>videatur,</span> <span class='ocrx_word' id='word_1_402' title='bbox 1569 4192 1633 4263; x_wconf 93' lang='lat' dir='ltr'>id</span> <span class='ocrx_word' id='word_1_403' title='bbox 1675 4194 1874 4267; x_wconf 88' lang='lat' dir='ltr'>velim</span> <span class='ocrx_word' id='word_1_404' title='bbox 1929 4196 2175 4289; x_wconf 82' lang='lat' dir='ltr'>cogitet</span> <span class='ocrx_word' id='word_1_405' title='bbox 2203 4246 2228 4284; x_wconf 91' lang='lat'>‚</span> <span class='ocrx_word' id='word_1_406' title='bbox 2276 4220 2656 4293; x_wconf 89' lang='lat' dir='ltr'>quanquam</span> <span class='ocrx_word' id='word_1_407' title='bbox 2712 4198 3007 4295; x_wconf 82' lang='lat' dir='ltr'>figuram·</span> <span class='ocrx_word' id='word_1_408' title='bbox 3058 4203 3313 4278; x_wconf 84' lang='lat' dir='ltr'>mundi·</span> <span class='ocrx_word' id='word_1_409' title='bbox 3342 4196 3517 4272; x_wconf 84' lang='lat' dir='ltr'>noffe</span> <span class='ocrx_word' id='word_1_410' title='bbox 3579 4223 3827 4294; x_wconf 83' lang='lat' dir='ltr'>parum</span> 
     </span>
     <span class='ocr_line' id='line_1_40' title="bbox 900 4284 3827 4391; baseline 0.003 -29"><span class='ocrx_word' id='word_1_411' title='bbox 900 4287 1072 4362; x_wconf 85' lang='lat' dir='ltr'>forte</span> <span class='ocrx_word' id='word_1_412' title='bbox 1118 4284 1366 4385; x_wconf 68' lang='lat' dir='ltr'>profit,</span> <span class='ocrx_word' id='word_1_413' title='bbox 1401 4290 1469 4364; x_wconf 92' lang='lat' dir='ltr'>id</span> <span class='ocrx_word' id='word_1_414' title='bbox 1498 4288 1932 4366; x_wconf 69' lang='lat' dir='ltr'>saltem-utile</span> <span class='ocrx_word' id='word_1_415' title='bbox 1978 4292 2135 4380; x_wconf 81' lang='lat' dir='ltr'>effe,</span> <span class='ocrx_word' id='word_1_416' title='bbox 2194 4315 2542 4390; x_wconf 79' lang='lat' dir='ltr'>antequam</span> <span class='ocrx_word' id='word_1_417' title='bbox 2587 4323 2769 4372; x_wconf 82' lang='lat' dir='ltr'>mens</span> <span class='ocrx_word' id='word_1_418' title='bbox 2820 4296 3036 4372; x_wconf 86' lang='lat' dir='ltr'>nostra</span> <span class='ocrx_word' id='word_1_419' title='bbox 3079 4298 3162 4371; x_wconf 90' lang='lat' dir='ltr'>acl</span> <span class='ocrx_word' id='word_1_420' title='bbox 3219 4321 3437 4372; x_wconf 85' lang='lat' dir='ltr'>rerum</span> <span class='ocrx_word' id='word_1_421' title='bbox 3464 4299 3827 4391; x_wconf 82' lang='lat' dir='ltr'>gravium,</span> 
     </span>
     <span class='ocr_line' id='line_1_41' title="bbox 900 4386 3828 4488; baseline 0.004 -28"><span class='ocrx_word' id='word_1_422' title='bbox 900 4390 964 4461; x_wconf 72' lang='grc' dir='ltr'><strong>ἃ</strong></span> <span class='ocrx_word' id='word_1_423' title='bbox 1004 4389 1074 4460; x_wconf 88' lang='lat' dir='ltr'>in</span> <span class='ocrx_word' id='word_1_424' title='bbox 1107 4388 1364 4483; x_wconf 57' lang='lat' dir='ltr'>quibus</span> <span class='ocrx_word' id='word_1_425' title='bbox 1387 4414 1552 4464; x_wconf 71' lang='lat' dir='ltr'>non·</span> <span class='ocrx_word' id='word_1_426' title='bbox 1578 4386 1714 4464; x_wconf 76' lang='lat' dir='ltr'>stne</span> <span class='ocrx_word' id='word_1_427' title='bbox 1747 4393 2036 4488; x_wconf 84' lang='lat' dir='ltr'>periculo</span> <span class='ocrx_word' id='word_1_428' title='bbox 2071 4390 2352 4466; x_wconf 79' lang='lat' dir='ltr'>fallimur</span> <span class='ocrx_word' id='word_1_429' title='bbox 2386 4445 2412 4483; x_wconf 83' lang='lat'><em>,</em></span> <span class='ocrx_word' id='word_1_430' title='bbox 2447 4391 2825 4469; x_wconf 86' lang='lat' dir='ltr'>scrutinium</span> <span class='ocrx_word' id='word_1_431' title='bbox 2884 4393 3188 4478; x_wconf 57' lang='lat' dir='ltr'>accedam</span> <span class='ocrx_word' id='word_1_432' title='bbox 3227 4418 3371 4470; x_wconf 69' lang='lat' dir='ltr'>eam</span> <span class='ocrx_word' id='word_1_433' title='bbox 3427 4397 3722 4469; x_wconf 86' lang='lat' dir='ltr'>excolere</span> <span class='ocrx_word' id='word_1_434' title='bbox 3750 4401 3828 4472; x_wconf 66' lang='grc' dir='ltr'><strong>ἃ</strong></span> 
     </span>
     <span class='ocr_line' id='line_1_42' title="bbox 842 4487 3821 4592; baseline 0.003 -34"><span class='ocrx_word' id='word_1_435' title='bbox 842 4527 852 4535; x_wconf 87' lang='grc'><em>·</em></span> <span class='ocrx_word' id='word_1_436' title='bbox 894 4513 1262 4583; x_wconf 71' lang='lat' dir='ltr'>praeparare</span> <span class='ocrx_word' id='word_1_437' title='bbox 1309 4490 1378 4560; x_wconf 87' lang='lat' dir='ltr'>in</span> <span class='ocrx_word' id='word_1_438' title='bbox 1433 4514 1659 4562; x_wconf 87' lang='lat' dir='ltr'>earum</span> <span class='ocrx_word' id='word_1_439' title='bbox 1716 4515 1938 4564; x_wconf 84' lang='lat' dir='ltr'>rerum</span> <span class='ocrx_word' id='word_1_440' title='bbox 1988 4487 2538 4578; x_wconf 69' lang='lat' dir='ltr'>consideratione,</span> <span class='ocrx_word' id='word_1_441' title='bbox 2571 4495 2638 4564; x_wconf 87' lang='lat' dir='ltr'>in</span> <span class='ocrx_word' id='word_1_442' title='bbox 2687 4492 2965 4592; x_wconf 82' lang='lat' dir='ltr'>quibus,</span> <span class='ocrx_word' id='word_1_443' title='bbox 3008 4513 3087 4569; x_wconf 88' lang='lat' dir='ltr'>ut</span> <span class='ocrx_word' id='word_1_444' title='bbox 3136 4498 3510 4572; x_wconf 75' lang='lat' dir='ltr'>veritatem-.-</span> <span class='ocrx_word' id='word_1_445' title='bbox 3532 4493 3821 4571; x_wconf 78' lang='lat' dir='ltr'>invenis-</span> 
     </span>
     <span class='ocr_line' id='line_1_43' title="bbox 839 4582 2998 4692; baseline 0.006 -35"><span class='ocrx_word' id='word_1_446' title='bbox 839 4607 848 4634; x_wconf 86' lang='grc'>··</span> <span class='ocrx_word' id='word_1_447' title='bbox 897 4582 976 4659; x_wconf 73' lang='lat' dir='ltr'>se</span> <span class='ocrx_word' id='word_1_448' title='bbox 1008 4613 1144 4667; x_wconf 85' lang='lat' dir='ltr'>non</span> <span class='ocrx_word' id='word_1_449' title='bbox 1193 4587 1482 4663; x_wconf 64' lang='lat' dir='ltr'>intutum</span> <span class='ocrx_word' id='word_1_450' title='bbox 1522 4585 1823 4682; x_wconf 84' lang='lat' dir='ltr'>prodest,</span> <span class='ocrx_word' id='word_1_451' title='bbox 1874 4589 1969 4683; x_wconf 78' lang='lat' dir='ltr'>ita</span> <span class='ocrx_word' id='word_1_452' title='bbox 2018 4585 2244 4666; x_wconf 66' lang='lat' dir='ltr'>erraffix</span> <span class='ocrx_word' id='word_1_453' title='bbox 2277 4615 2417 4692; x_wconf 79' lang='lat' dir='ltr'>non</span> <span class='ocrx_word' id='word_1_454' title='bbox 2436 4653 2442 4658; x_wconf 88' lang='lat'><strong>.</strong></span> <span class='ocrx_word' id='word_1_455' title='bbox 2460 4591 2748 4672; x_wconf 76' lang='lat' dir='ltr'>multum</span> <span class='ocrx_word' id='word_1_456' title='bbox 2777 4607 2998 4684; x_wconf 64' lang='lat' dir='ltr'>aocet.</span> 
     </span>
    </p>
   </div>
   <div class='ocr_carea' id='block_1_3' title="bbox 3272 4743 3822 4871">
    <p class='ocr_par' dir='ltr' id='par_1_7' title="bbox 3272 4743 3822 4871">
     <span class='ocr_line' id='line_1_44' title="bbox 3272 4743 3822 4871; baseline -0.013 -1"><span class='ocrx_word' id='word_1_457' title='bbox 3272 4743 3822 4871; x_wconf 59' lang='lat' dir='ltr'><strong>&#39;‘MEDL</strong></span> 
     </span>
    </p>
   </div>
  </div>
 </body>
</html>
