4188 5670
961 302 1804 385 ,Sa-unroscnun
1925 307 2578 384 Lunum.
3101 321 3251 403 465

346 486 697 568 Δωτώ
731 481 1094 582 jucundam
1133 484 1314 561 illam
1361 487 1429 560 ἃ
1476 481 1828 563 amabilem
1873 504 2543 582 murra-rem,
2596 513 2726 586 qua
2775 485 3009 584 paffim
3054 490 3125 563 in
3174 516 3251 565 a-

348 591 451 669 liis
493 586 625 661 frui
665 586 733 661 δι
779 584 1063 681 gaudere
1100 582 1366 661 soleant.
1468 587 1650 675 Qae
1700 588 1975 684 quidem
2012 588 2275 681 querela
2313 635 2341 671 ‚
2399 589 2653 687 justane
2698 583 2783 660 fit
2835 614 2920 661 an
2963 588 3197 682 injusta
3224 639 3251 678 ,

351 705 435 761 ut
475 684 815 777 dijudicari
864 679 1100 779 poffit‘,
1146 680 1345 757 subiit
1391 684 1693 757 animum
1742 688 1815 760 in
1858 686 1988 758 boc·
2030 684 2425 759 Raetorum,
2471 688 2604 760 mei
2636 686 2909 761 exordio
2926 737 2968 774 ,‚
3005 688 3080 760 de
3121 710 3170 761 v
3187 710 3257 761 13-

352 804 467 858 ιιΑ
512 781 786 872 studiosi
828 783 1183 858 Academici
1237 780 1826 873 nnn-are,
1880 806 2097 880 pauca
2130 784 2439 876 quaedam
2485 836 2510 873 ,
2563 810 2778 880 neque
2834 786 3011 857 enim
3060 786 3258 880 longa

353 907 483 959 ,vos
515 883 821 969 oratione
852 880 1165 956 detinebo
1196 930 1221 968 ,
1280 867 1563 975 praebri.
1660 882 1869 972 Qod
1925 902 2390 974 argumentum]
2443 907 2596 956 cum
2641 887 2745 956 ‘ad
2799 903 3066 976 captum
3112 909 3258 957 om-

352 982 547 1057 niurn
594 978 680 1053 fit
716 979 1336 1066 accommodatum,
1388 991 1513 1050 nee
1553 980 1781 1052 inutile
1828 981 1894 1053 &
1919 980 1957 1050 ὲ
1996 981 2286 1052 muneris
2318 983 2452 1055 mei
2487 983 2745 1055 ratione
2770 983 3080 1066 alienum,
3113 1006 3265 1054 ean-

356 1077 516 1154 dem
568 1080 691 1150 hac
723 1078 957 1151 horula
976 1127 1002 1164 ‚
1038 1101 1264 1172 quarn
1314 1075 1484 1169 saepe
1526 1078 1678 1150 alias
1725 1078 1973 1153 dicenti.
2001 1077 2459 1154 commodastis
2480 1128 2506 1169 ‚
2549 1081 2984 1156 attentionem
3031 1078 3098 1153 &
3151 1078 3267 1154 be-

358 1175 805 1258 nevolentiam
850 1177 1013 1251 mihi
1044 1176 1084 1247 a
1131 1176 1358 1250 Vobis.
1384 1174 1714 1269 polliceor.

555 1329 928 1424 Antequam
953 1355 1115 1403 vero
1151 1330 1234 1403 ad
1264 1330 1332 1404 id
1353 1330 1631 1425 ‚dequo
1658 1327 1863 1404 verba
1906 1329 2116 1405 facere
2154 1329 2497 1417 constitui,
2532 1327 2836 1404 accedam
2858 1378 2880 1412 ,
2930 1331 3013 1402 ad
3037 1329 3267 1403 Deum

364 1423 532 1518 Opt.
562 1428 753 1503 Max.
795 1451 904 1500 me
938 1450 1255 1503 converto
1275 1479 1301 1516 ,
1332 1428 1419 1503 ab
1449 1430 1680 1525 quue
1716 1430 2094 1502 ardentibus
2136 1449 2292 1526 peto
2319 1433 2534 1517 votis,
2576 1431 2731 1502 utin
2763 1429 3098 1524 provincia
3125 1448 3266 1501 tarn

363 1522 569 1595 ardua
613 1528 736 1597 rite
781 1527 1156 1601 exornanda
1177 1578 1203 1615 ,
1264 1529 1536 1621 Spiritus
1572 1527 1669 1600 fili
1710 1530 1914 1622 gratia
1958 1530 2121 1601 mihi
2167 1526 2371 1603 adeflb
2391 1579 2416 1616 ,
2475 1550 2674 1621 atque
2695 1577 2718 1613 ‚
2775 1548 2853 1600 ut
2891 1553 3029 1601 non
3072 1524 3267 1599 semel

366 1618 572 1714 usque
635 1624 850 1697 adhuc
889 1624 1319 1719 fui‘expertus
1338 1676 1363 1712 ‚
1428 1627 1498 1697 in
1530 1625 1751 1698 multis
1787 1624 2174 1721 magnisque
2218 1624 2708 1699 infirmitatibus
2744 1627 2834 1698 ita
2876 1643 3111 1720 potens
3147 1622 3268 1696 effe
3345 1682 3354 1687 -

367 1719 572 1821 velit,
628 1739 708 1793 ut
746 1723 977 1797 vestrae
1000 1774 1025 1811 ,
1085 1725 1303 1797 Patres
1324 1800 1329 1807 ,
1350 1720 1761 1811 Academici,
1816 1725 2277 1819 exspectationi
2324 1724 2536 1819 aliqua
2577 1749 2659 1795 ex
2699 1744 2881 1819 parte
2927 1722 3269 1818 responde-

372 1840 482 1887 am
503 1848 530 1901 ‚·
560 1820 646 1890 ’δι
696 1846 832 1912 quo
874 1848 1012 1896 uno
1063 1845 1171 1894 me
1221 1819 1436 1894 Vobis
1474 1847 1601 1914 pro
1660 1823 1912 1895 honore
1954 1824 2025 1894 in
2070 1823 2414 1917 indignum
2457 1822 2719 1894 ‘collato
2774 1872 2799 1910 ,
2853 1838 3115 1917 gratum
3158 1845 3272 1894 ex-

306 1972 309 1973 .
367 1911 593 1988 hibere
630 1917 885 2010 poffum‘
916 1971 939 2007 ,
998 1945 1147 1995 mea
1195 1921 1659 2015 qualiscunque
1700 1919 2167 1993 administratio
2201 1920 2494 1993 nonnihil
2538 1918 2875 2009 conferat,
2921 1922 3002 1994 ad
3032 1918 3275 1995 Nomi-'-

368 2012 471 2083 nis
512 2010 612 2086 sui
655 2014 928 2110 glo'riarn
954 2069 978 2104 ,
1022 2019 1145 2092 Rei
1186 2020 1491 2092 literariae
1532 2070 1555 2106 ‚
1602 2019 1924 2113 hujusque
1972 2019 2274 2110 inprimis
2311 2017 2687 2091 Academiae
2738 2021 3218 2093 incrementum
3242 2065 3274 2105 ,

370 2109 736 2200 juventutis
778 2115 1082 2189 studiosae
1135 2118 1573 2189 eommodurn
1618 2167 1665 2209 ‚h
1694 2118 2017 2211 hujusque
2081 2117 2168 2189 ad
2224 2116 2537 2210 praeclara
2593 2121 2848 2211 quaevis
2896 2114 3277 2191 incitamen-

373 2225 571 2289 turn3
626 2212 691 2284 δι
731 2238 869 2306 quo
919 2214 1142 2287 omnia
1190 2213 1407 2287 nostra
1451 2236 1611 2288 vota
1659 2215 1922 2288 tendere
1954 2211 2207 2287 debent
2233 2267 2258 2303 ‚
2297 2214 2381 2285 ad
2415 2236 2639 2287 meam
2687 2218 2926 2310 pariter
2974 2266 2999 2303 ‚
3054 2217 3120 2288 &
3165 2238 3278 2289 eo-

373 2330 529 2379 rum
550 2359 575 2396 ,
625 2309 868 2402 quibus
914 2311 1046 2393 hoc
1093 2335 1270 2386 anno
1307 2311 1573 2408 praeefle
1607 2309 1848 2405 jubeor
1874 2365 1911 2402 ‚.
1944 2332 2275 2389 aeternam·
2316 2309 2609 2386 salutern.

580 2463 788 2554 Qod
838 2465 921 2538 de
980 2491 1137 2561 pace
1191 2467 1444 2540 dictum
1479 2466 1570 2539 est
1602 2517 1625 2553 ‚
1682 2484 1763 2538 ut
1802 2467 1885 2541 ad
1942 2486 2411 2564 argumentum
2469 2463 2878 2565 propofitum
2938 2464 3202 2539 veniam
3251 2471 3287 2554 ζ

378 2582 586 2630 nomen
633 2565 761 2644 ejus
811 2564 985 2636 dulce
1014 2563 1163 2659 effe,
1202 2590 1329 2635 rem
1368 2590 1511 2636 vero
1554 2564 1741 2656 ipfhm
1768 2564 2111 2661 salutarem
2133 2596 2160 2649 ,-
2208 2567 2383 2640 idem
2429 2566 2578 2640 sane
2611 2565 2704 2638 ‘de
2750 2587 2796 2637 L
2821 2582 3283 2638 IBBRTATE

384 2654 622 2727 merito
675 2652 990 2729 affirmari
1037 2661 1244 2753 potest
1268 2708 1290 2747 ,
1346 2662 1530 2754 cuj'us
1581 2686 1880 2735 amorem
1914 2661 2359 2736 incredibilem
2417 2688 2553 2737 non
2595 2664 2666 2735 in
2712 2657 3092 2736 hominibus
3141 2680 3288 2732 tan-

380 2767 532 2821 tum
585 2755 837 2826 ratione
869 2755 1156 2850 praeditis
1175 2807 1198 2844 ‚
1251 2757 1452 2830 sedin
1486 2756 1701 2831 brutis
1758 2760 1975 2832 etiam·
2003 2760 2444 2834 animantibus
2496 2760 2789 2856 quotidie
2832 2756 3281 2853 conspicimus.

377 2848 610 2943 Itaque
652 2848 699 2923 fi
744 2852 1112 2926 liberalium
1151 2858 1393 2929 artium
1440 2854 1723 2930 studiosi
1779 2908 1805 2945 ,
1843 2858 2020 2932 nulla
2049 2862 2118 2932 iri
2167 2862 2289 2932 hac
2336 2860 2550 2934 nostra
2597 2860 2941 2933 Academia
2985 2855 3286 2932 libertate

379 2949 738 3041 gauderent
779 3000 804 3036 ‚
857 2953 1103 3024 mirum
1146 2979 1281 3026 non
1331 2953 1479 3027 efflet
1505 3005 1531 3042 ,
1572 2952 1621 3026 fi
1678 2956 1785 3028 illa
1838 2957 2023 3030 velut
2060 2960 2314 3031 immite
2362 2957 2755 3055 ergastulum
2808 2961 2873 3030 &
2914 2953 3282 3052 pistrinum,

383 3044 649 3140 seraque
671 3048 1043 3144 Cyclopum
1073 3047 1338 3124 officina
1366 3102 1391 3139 ,
1420 3053 1510 3124 ab
1558 3052 1878 3127 omnibus
1925 3054 2318 3131 desereretur
2343 3110 2369 3147 ‚
2407 3082 2660 3154 nosque
2699 3058 2769 3131 in
2794 3056 3127 3152 posterum
3169 3079 3289 3128 no-

382 3141 487 3217 bis
536 3143 687 3241 ipsis
728 3142 912 3234 solis,
950 3148 1313 3244 nostrisque
1360 3151 1612 3231 Muris,
1639 3174 1900 3229 cantare
1944 3154 2347 3245 juberemur.
3205 3181 3217 3188 ’

400 3355 407 3364 -
580 3299 708 3376 Sed
757 3299 971 3384 nescio
1017 3301 1358 3392 quomedo
1403 3303 1578 3377 idern
1630 3307 1753 3378 hac
1794 3306 1865 3377 in
1916 3329 1989 3377 re
2043 3356 2068 3394 ‚
2113 3305 2295 3401 quod
2341 3300 2460 3399 ipsi
2503 3296 2820 3376 Ecclesiae
2853 3298 3234 3374 chtistianae
3260 3344 3288 3383 ‚

385 3399 583 3492 idque
626 3398 847 3472 statim
896 3402 968 3471 in
1020 3399 1160 3491 ejus
1199 3397 1608 3475 incunabulis
1655 3457 1669 3482 .
1717 3402 2011 3496 contigit.
2101 3401 2308 3475 'Cum
2362 3402 2539 3473 enim
2585 3398 2783 3493 primi
2825 3394 3294 3470 Christianismi

387 3498 719 3569 Doctores
764 3497 1110 3590 discipulos
1161 3495 1307 3571 suos
1345 3501 1383 3571 a
1430 3502 1593 3595 jugo
1642 3501 1800 3595 legis
1840 3497 2161 3574 Mosaicae
2203 3502 2528 3572 immunes
2576 3497 3076 3589 pronuntiarent
3122 3546 3149 3582 ‚
3196 3512 3294 3567 at-

382 3619 521 3690 que
563 3594 646 3666 ad
679 3592 1023 3668 libertatem
1067 3596 1473 3693 Chnflianmn
1516 3618 1854 3671 vocarent·
1883 3625 1908 3680 ,-
1949 3596 2166 3670 statim
2215 3596 2465 3668 inventi
2513 3591 2662 3666 sunt
2704 3595 2891 3688 pravi
2931 3593 3229 3665 homines
3263 3643 3290 3680 ,

306 3763 313 3768 ,
390 3693 506 3787 qui
533 3684 953 3783 Christianis,
999 3694 1182 3769 velut
1233 3689 1418 3771 cinni
1461 3697 1604 3791 lege
1653 3694 1875 3768 solutis
1919 3744 1943 3781 ‚
1971 3692 2295 3788 quidlibet
2357 3691 2637 3765 audendi
2674 3691 3000 3764 licentiam
3044 3687 3298 3766 conces·
3343 3767 3348 3772 ,
3391 3718 3426 3724 ·*

393 3789 531 3863 (arn
588 3789 899 3862 dicerent.
991 3794 1198 3879 Qud
1245 3796 1315 3866 in
1362 3789 1642 3867 Ecclefia
1679 3790 1959 3865 crescens
2007 3793 2240 3865 lolium
2283 3809 2685 3864 venenatum
2743 3810 2882 3861 tam
2923 3789 3047 3862 late
3067 3790 3296 3884 postea

395 3886 684 3983 sparsrun
731 3884 901 3977 fuit,
958 3905 1228 3981 tamque
1278 3892 1436 3963 altas
1485 3892 1726 3966 radices
1770 3892 1904 3986 egit
1928 3940 1954 3977 ‚
1985 3911 2065 3963 ut
2108 3914 2449 3985 nunquam
2496 3913 2580 3961 ex
2631 3912 2708 3961 ea
2743 3887 2933 3959 evelli
2976 3890 3292 3982 potuerit,

400 3989 466 4059 δι
483 4035 511 4073 ,
560 3986 740 4081 quod
767 4010 910 4059 non
955 4009 1127 4060 vane
1173 3988 1478 4060 timemus
1500 4043 1524 4078 ‚
1571 4014 1913 4083 nunquam
1936 4038 1964 4076 ‚
2006 3989 2171 4064 dum
2231 3987 2429 4062 stabit
2469 3986 2799 4074 mundus,
2847 3987 3178 4060 evelletur.

594 4141 842 4216 Eadem
882 4140 1145 4238 prorsus
1197 4141 1491 4229 ratione,
1533 4165 1682 4212 curn
1734 4144 2019 4235 primum
2065 4139 2369 4216 auditum
2416 4132 2568 4210 effer.
2611 4186 2637 4223 ‚
2677 4137 2888 4232 Reges
2941 4135 3008 4208 &
3064 4131 3303 4208 Prind-

399 4265 515 4337 pes
542 4292 568 4329 ,
618 4240 905 4334 aliosque
944 4238 1279 4315 bonarum
1326 4239 1661 4314 literarum
1712 4242 2112 4312 Meoeenates
2162 4288 2185 4324 ‚
2249 4251 2403 4310 cu'm
2443 4234 2528 4313 ad
2574 4236 2687 4306 has
2763 4233 3304 4332 promovendas,

401 4337 694 4434 publicas
727 4336 1129 4413 instituiffent
1175 4338 1553 4412 Academias
1602 4388 1626 4424 ,
1670 4336 1921 4431 magnis
1995 4361 2101 4408 eas
2138 4333 2524 4409 libmatibus
2569 4354 2767 4427 atque
2809 4329 3308 4424 imqnitaabus

404 4433 685 4515 domffi3
737 4437 911 4509 vitiis
954 4437 1154 4512 dediti
1205 4441 1552 4523 homines,
1609 4438 1724 4530 qui
1795 4433 2049 4516 nullam
2087 4434 2280 4506 aliam
2328 4452 2579 4515 norunt
2617 4428 2989 4503 libertatem
3031 4473 3057 4510 ‚
3100 4448 3306 4517 quam

404 4533 774 4610 ubertatem
822 4535 1194 4628 peccandi,
1241 4538 1331 4609 ita
1382 4536 1593 4611 statim
1641 4535 1710 4609 id
1754 4535 2156 4627 imapretati
2204 4531 2353 4605 sunt
2396 4580 2421 4617 ,
2482 4525 2880 4601 Academicis
2928 4519 3306 4608 hominib·-

270 4655 283 4664 ·
402 4616 522 4734 per
569 4632 737 4706 istud
776 4633 952 4707 licita
1006 4626 1190 4707 faeta
1222 4630 1385 4725 effi,
1441 4658 1596 4730 quae
1642 4635 1795 4709 alias
1833 4632 2094 4727 reliquis
2129 4625 2511 4723 horai-&Qus
2535 4620 2711 4695 ωε
2745 4617 3129 4712 pmffibjtae.
3176 4619 3308 4690 sso-

1915 4731 2270 4816 Nnn3
3177 4733 3310 4807 ‘ll-¹⁶
