4188 5670
914 360 1064 440 254
1791 328 2899 417 P'·Rffltncr1ones
3005 361 3165 435 „DE

911 552 1086 599 mus.
1142 524 1351 616 Quod
1377 522 1555 597 enim
1604 518 1789 595 alteri
1841 520 1997 594 Enti
2043 520 2136 594 ita
2177 517 2460 610 subfuit,
2509 541 2589 595 ut
2637 519 2725 593 ab
2763 520 2873 594 illo
2914 520 3207 615 potuerit
3249 520 3554 607 moveri,
3599 516 3813 592 dividi
3827 517 3858 607 ‚'

912 623 1115 720 fingi,
1166 631 1231 701 &
1281 624 1552 698 formari
1597 623 1666 691 in
1716 615 2007 694 infinitas
2047 619 2291 693 formas
2312 649 2335 702 3
2369 622 2532 694 illud
2573 640 2745 694 certe
2784 622 3052 694 minime
3099 624 3234 694 Ens
3276 618 3710 715 independens
3741 645 3870 713 po-

912 724 1033 797 test
1081 726 1206 807 dici
1230 775 1255 810 ,
1318 723 1532 796 multo
1580 718 1805 791 minus
1837 718 2273 794 immutabile.

1040 889 1091 949 ,Ξ
1105 870 1302 942 Dicet
1343 867 1571 961 aliquis
1595 915 1622 952 ,
1667 864 1996 938 mundum
2054 869 2230 939 hunc
2275 861 2718 951 materialem,
2764 887 2901 936 non
2947 860 3212 955 quidem
3254 887 3368 936 ens
3419 864 3864 960 independens

915 950 1095 1052 esse‘f
1137 970 1386 1040 ratione
1430 967 1652 1060 formae
1677 1015 1700 1051 ,
1758 989 1959 1058 quam
2009 990 2186 1037 nunc
2237 963 2482 1036 habet:
2538 960 2644 1033 sed
2696 984 2916 1036 tamen
2947 960 3259 1054 -respec‘tu
3299 973 3589 1035 materiae.
3673 969 3860 1054 Qe-

908 1066 1345 1139 madmodum
1380 1067 1449 1136 in
1483 1085 1621 1136 arte
1663 1060 1845 1136 fac'tis
1895 1060 2201 1137 videmus
2227 1114 2252 1151 ,
2306 1062 2648 1136 materiam
2696 1086 2835 1135 non
2884 1060 3248 1156 dependere
3302 1058 3389 1133 ab
3432 1059 3720 1152 artifice,
3749 1061 3858 1136 sed

916 1182 1175 1239 tantum
1223 1163 1528 1239 formam.

1106 1308 1298 1404 Resp.
1361 1295 1421 1380 i.
1479 1309 1582 1380 Ita
1631 1304 1861 1379 saltem
1908 1305 2290 1401 sequeretur
2359 1306 2499 1381 dari
2554 1309 2686 1380 Ens
2733 1303 3180 1400 independens
3253 1325 3582 1380 aeternum
3627 1313 3694 1385 &
3735 1315 3854 1388 im-

918 1406 1276 1496 mutabile,
1322 1410 1358 1479 ὲ
1412 1431 1548 1500 quo
1622 1404 1839 1477 forma
1885 1409 2118 1479 mundi
2171 1407 2536 1500 dependeat
2585 1458 2610 1493 ,
2656 1407 2860 1501 qualis
2911 1428 3088 1476 nunc
3135 1402 3227 1476 est
3251 1454 3273 1491 ,
3338 1407 3402 1476 &
3457 1432 3573 1500 per
3635 1413 3853 1486 conse.

914 1533 1120 1602 quens
1147 1504 1494 1591 Iassmundo
1546 1501 1967 1594 distinctum,
2008 1505 2175 1578 &id
2229 1505 2444 1599 ipsum
2478 1505 2567 1578 est
2607 1506 2793 1599 quod
2854 1505 3079 1575 Deum
3131 1528 3478 1575 vocamus.
3589 1511 3696 1581 An
3741 1538 3852 1585 ve-

913 1632 993 1677 ro
1026 1624 1265 1698 praeter
1311 1604 1535 1675 Deum
1564 1602 1754 1679 detur
1805 1626 2055 1678 aeterna
2108 1605 2322 1699 aliqua
2373 1604 2686 1690 materia,
2736 1605 2774 1674 ἐι
2821 1602 2979 1674 Deo
3031 1600 3146 1673 illo
3182 1627 3317 1673 non
3367 1604 3552 1675 aliter
3602 1610 3839 1703 depen.

815 1714 822 1721 ’
900 1702 1111 1791 dens,
1146 1727 1348 1797 quam
1391 1720 1470 1774 ut
1515 1699 1605 1773 ab
1647 1699 1781 1798 ipsa
1827 1731 1950 1798 pro
1985 1701 2205 1776 lubitu
2252 1703 2529 1778 formari
2580 1698 2801 1797 poffiti
2831 1752 2856 1789 ,
2880 1703 3024 1773 haec
3055 1724 3215 1773 vero
3251 1701 3376 1773 alia
3421 1705 3695 1796 quaestio
3733 1710 3840 1782 est.

1113 1884 1182 1942 2·
1237 1865 1516 1960 Concipi
1557 1868 1785 1961 nequit
1811 1917 1836 1954 ,
1892 1864 2240 1960 quomodo
2289 1864 2504 1939 forma
2557 1863 2791 1937 mundi
2816 1862 3182 1959 dependere
3243 1861 3535 1956 potuerit
3581 1863 3839 1935 i-Deo²

913 1961 1034 2040 nifi
1097 1964 1539 2057 concipiamus
1578 2015 1602 2052 ,
1646 1963 1852 2058 ipsam
1933 1989 2204 2058 quoque
2268 1966 2562 2039 materiae
2633 1962 3040 2036 existentiam
3116 1960 3203 2034 ab
3278 1987 3360 2033 eo
3458 1962 3837 2056 dependere·

898 2065 1097 2138 Nam
1140 2087 1293 2134 cum
1336 2087 1572 2156 corpus
1598 2086 1760 2135 ‘non
1813 2059 2024 2156 poffit!
2057 2060 2176 2135 effe
2224 2061 2357 2136 sine
2407 2066 2622 2157 aliqua
2669 2061 2909 2150 forma,
2955 2060 3197 2133 neceffe
3232 2059 3325 2133 est
3367 2075 3404 2148 ,'
3428 2080 3505 2132 ut
3549 2063 3838 2146 materia,

913 2160 968 2241 fi
1023 2183 1269 2235 aeterna
1313 2163 1380 2232 &
1426 2159 1868 2253 independens
1905 2159 2031 2233 fuit
2058 2212 2083 2247 ,
2134 2160 2223 2233 ab
2262 2183 2515 2235 aeterno
2553 2186 2820 2256 quoque
2871 2158 3213 2233 necessario
3285 2162 3350 2232 &
3405 2160 3834 2255 independen-

913 2281 1017 2334 ter
1067 2258 1369 2332 habuerit
1433 2257 1719 2331 formam
1772 2260 2082 2352 aliquam.
2211 2262 2300 2333 Et
2340 2286 2492 2332 cum
2541 2258 2958 2334 immutabile
3011 2257 3092 2332 fit
3115 2307 3139 2341 ,
3182 2261 3365 2352 quod
3415 2259 3834 2353 independen-

913 2380 1061 2447 ter,
1114 2354 1461 2430 necess'ario
1512 2360 1577 2428 &
1621 2355 1708 2428 ab
1740 2379 1997 2429 aeterno
2047 2354 2178 2438 est3
2228 2359 2625 2451 consequens
2664 2360 2789 2446 est,
2838 2358 3130 2431 formam
3181 2359 3360 2430 illam
3413 2363 3711 2433 materiae
3751 2386 3832 2434 ae-

891 2448 1127 2551 ‚ternae
1181 2452 1363 2528 fuifl'e
1408 2453 1950 2528 immutabilem„
2055 2456 2289 2550 Sitque
2342 2482 2479 2530 non
2541 2456 2755 2551 potest
2805 2458 3058 2551 concipi
3129 2507 3153 2543 ,
3198 2457 3543 2550 quomodo
3579 2455 3665 2531 ab
3715 2459 3832 2533 alio

916 2577 1067 2631 ente
1115 2553 1413 2628 distincto
1469 2556 1762 2652 potuerit
1800 2553 2061 2628 mutari.
2168 2556 2236 2630 Si
2278 2583 2343 2630 v.
2381 2568 2450 2649 g.'
2495 2581 2731 2630 omnes
2787 2577 3003 2650 partes
3050 2556 3280 2628 mundi
3336 2550 3607 2629 fuerunt
3661 2558 3831 2633 inde-

916 2654 1272 2753 pendentes
1291 2683 1312 2735 3
1367 2655 1411 2726 i.
1464 2680 1522 2727 e.
1581 2652 2077 2728 immutabiliter
2112 2657 2557 2749 quiescentes3
2615 2681 2757 2728 non
2836 2654 3136 2727 videmus
3171 2703 3189 2730 ‚
3238 2655 3582 2748 quomodo
3622 2655 3703 2729 ab
3763 2684 3831 2731 a·

913 2756 1006 2826 lio
1037 2774 1186 2827 ente
1216 2753 1560 2849 potuerint
1611 2755 1871 2829 moveri
1904 2781 1927 2834 3
1975 2776 2093 2829 aut
2137 2751 2187 2826 fi
2229 2751 2501 2828 fuerunt
2545 2774 2756 2829 motae
2787 2754 3072 2827 velocius
3096 2802 3122 2842 ,
3159 2752 3404 2825 tardius
3426 2803 3452 2843 ,
3496 2758 3827 2850 quomodo

914 2875 1146 2925 earum
1195 2871 1417 2928 motus
1458 2855 1752 2950 potuerit
1788 2853 1876 2927 ab
1933 2855 2063 2929 hoc
2100 2868 2279 2944 ente]
2307 2857 2456 2928 tolli
2496 2875 2614 2929 aut
2652 2855 2865 2928 minui
2915 2874 3031 2927 aut
3074 2854 3434 2927 accelerari.

1111 2999 1312 3074 Unde
1349 3003 1617 3076 tandem
1662 3006 2113 3077 concludimus
2159 3056 2185 3093 ,
2243 3007 2572 3080 mundum
2635 3011 2815 3081 hunc
2865 3008 3316 3096 materialem,
3378 3031 3593 3104 neque
3619 3017 3830 3106 quoad

917 3105 1237 3174 materiam
1263 3149 1287 3186 ,
1335 3124 1548 3192 neque
1587 3103 1808 3194 quoad
1835 3103 2112 3197 fmmmn
2144 3153 2168 3189 ,
2201 3101 2322 3174 effe
2373 3106 2969 3199 independentem3
3033 3131 3114 3180 ac
3159 3105 3433 3203 proinde
3495 3110 3630 3181 Ens
3677 3115 3831 3187 illud

918 3198 1355 3292 independens
1375 3250 1399 3286 ,
1435 3199 1616 3292 quod
1658 3202 2018 3293 quaerimus
2041 3251 2069 3290 ,
2119 3203 2185 3274 δι
2215 3201 2397 3296 quod
2439 3228 2579 3278 non
2617 3204 2834 3301 potest
2871 3230 3018 3279 non
3083 3208 3348 3282 existere
3366 3253 3394 3293 ‚
3450 3205 3573 3282 effe
3612 3216 3734 3286 Ens
3788 3218 3830 3286 a*

917 3297 1145 3374 mundo
1200 3299 1510 3372 materiali
1563 3298 1929 3396 dtstinfflum.
3669 3359 3678 3364 -
3751 3377 3766 3383 -

1109 3452 1406 3526 Fuerunt
1452 3454 1721 3547 quidam
1762 3452 2134 3554 Philosophi
2182 3505 2207 3543 ‚
2257 3459 2371 3552 qui
2411 3452 2750 3531 finxerunt
2793 3460 3121 3534 mundum
3169 3456 3289 3534 effe
3345 3486 3660 3557 magnum
3712 3461 3827 3536 ali-

921 3550 1102 3641 quod
1150 3553 1432 3640 animal,
1498 3555 1679 3648 quod
1723 3557 2011 3629 animam
2057 3553 2325 3644 habeat,
2376 3560 2442 3629 δε
2492 3554 2578 3629 ab
2621 3583 2698 3630 ea
2748 3583 3051 3655 regatur3
3111 3562 3174 3633 &
3215 3562 3361 3634 haec
3399 3560 3569 3634 forte
3600 3562 3825 3635 mundi

919 3648 1138 3718 anima
1172 3649 1262 3720 est
1308 3652 1440 3722 Ens
1500 3654 1657 3726 illud
1698 3655 2180 3749 independens,
2228 3655 2410 3751 quod
2458 3659 2834 3750 quaerimus,
2938 3661 3026 3733 At
3091 3655 3141 3729 fi
3180 3661 3286 3732 cui
3349 3659 3514 3733 libet
3540 3663 3817 3747 ‚Deum,

918 3745 1113 3836 hujus
1160 3750 1393 3820 mundi
1432 3753 1751 3844 originem
1801 3753 1868 3822 &
1907 3755 2228 3828 restorem
2253 3805 2278 3842 ‚
2326 3756 2465 3847 ejus
2513 3762 2780 3829 animam
2829 3758 3150 3851 appellare
3196 3787 3222 3838 3
3267 3761 3421 3852 quia
3462 3758 3556 3833 est
3620 3761 3827 3854 aliqua

919 3842 1087 3913 inter
1133 3848 1469 3934 animam,
1507 3872 1661 3941 quae
1718 3871 1953 3942 corpus
2005 3856 2173 3944 regit
2229 3856 2293 3925 8⁶
2358 3871 2596 3924 movet
2633 3904 2657 3940 ,
2713 3857 2780 3927 ἃ
2837 3858 3004 3929 inter
3072 3857 3297 3928 Deum
3347 3859 3545 3951 hujus
3599 3861 3830 3933 mundi

919 3943 1242 4012 restorem
1294 3946 1358 4013 &
1402 3966 1730 4018 motorem
1755 3995 1780 4032 ,
1830 3941 2189 4019 similitudo
2225 3998 2247 4033 ,
2279 3951 2361 4020 de
2418 3953 2684 4025 nomine
2731 3979 2866 4025 non
2915 3979 3311 4050 magnopere
3365 3958 3769 4053 litigabimus
3794 3987 3819 4040 3

920 4038 1288 4111 dummodo
1322 4063 1406 4110 ne
1452 4044 1821 4135 analogiam
1876 4044 2055 4116 illam
2101 4047 2270 4119 inter
2311 4048 2601 4120 animam
2655 4053 2721 4123 &
2761 4052 2982 4126 Deum
3027 4056 3214 4126 latius
3247 4058 3577 4129 extendat.
3620 4059 3819 4146 Quod

919 4133 971 4212 fi
1027 4136 1201 4207 enim
1244 4141 1531 4216 mundus
1578 4141 1865 4212 animam
1916 4141 2187 4218 haberet
2211 4198 2235 4234 ,
2291 4167 2370 4218 ut
2414 4147 2670 4230 homo3
2706 4152 2747 4222 i.
2791 4178 2857 4234 e.
2911 4149 2961 4224 fi
3013 4154 3195 4224 Deus
3234 4155 3300 4224 id
3350 4151 3500 4228 effer
3548 4159 3823 4240 mundo,

921 4235 1100 4330 quod
1137 4237 1355 4307 anirna
1404 4236 1495 4312 est
1527 4236 1749 4310 nostro
1802 4245 2111 4336 corpori,
2161 4246 2431 4319 minime
2501 4245 2688 4320 Deus
2727 4248 2875 4324 esset
2927 4253 3363 4345 independens
3402 4282 3424 4335 3
3468 4279 3607 4328 non
3650 4258 3822 4330 enim

921 4359 1157 4427 corpus
1201 4336 1499 4410 nostrum
1562 4356 1824 4411 tantum
1877 4339 1965 4413 ab
2005 4345 2263 4431 anima,
2307 4343 2414 4416 sed
2481 4343 2760 4418 viciffim
2812 4351 3030 4421 anima
3085 4354 3122 4421 ὲ
3171 4376 3446 4445 corpore
3500 4354 3570 4425 in
3637 4359 3822 4429 innu-

918 4434 1120 4506 meris
1178 4432 1376 4507 rebus
1452 4437 1778 4532 dependet
1797 4469 1825 4522 ‚-
1886 4440 2112 4535 estque
2176 4445 2320 4515 hacc
2368 4444 2744 4536 conjunctio
2820 4450 2988 4520 inter
3070 4448 3232 4522 duas
3282 4472 3500 4545 partes
3565 4473 3818 4539 mutua.

852 4559 858 4566 ·
918 4532 1176 4605 Deinde
1231 4532 1444 4609 forma
1486 4539 1775 4632 corporis
1808 4539 2014 4611 nostri
2053 4539 2141 4612 ab
2179 4543 2396 4613 anima
2441 4543 2657 4615 nostra
2708 4545 3028 4639 originem
3063 4550 3333 4620 minime
3384 4551 3580 4624 duxit
3603 4583 3629 4636 ,-
3681 4575 3820 4632 tan.

920 4651 1070 4708 tum
1122 4635 1299 4710 enim
1361 4632 1541 4716 abest
1566 4687 1594 4728 ,
1662 4656 1741 4715 ut
1783 4638 1954 4714 ratio
2001 4638 2222 4718 nostra
2272 4642 2441 4720 hanc
2472 4661 2614 4720 tam
2672 4643 3098 4726 artificiosam
3148 4648 3521 4726 machinam
3576 4649 3819 4731 ῑοηπι

3619 4755 3817 4859 verit,
