4188 5670
1349 291 2201 382 ΓΠΙᾸιΟΘυΒζ,
3102 330 3236 401 139

351 453 589 546 ginaria
629 460 812 530 exera
838 448 1162 528 mundum
1182 446 1472 547 fingendi
1523 454 1900 547 pertinacia·
1930 451 2242 526 omnibus
2286 448 2664 526 hominibus
2691 459 3058 529 communis
3074 506 3098 544 ,
3128 480 3249 530 vos

353 554 733 640 convincere
757 548 994 648 potest,
1026 559 1154 624 nos
1170 551 1444 624 omnino
1471 555 1699 625 mundi
1726 548 2049 626 indefiniti
2069 551 2286 623 ideam
2309 548 2566 624 habere.

509 651 746 740 qu,
779 647 982 758 Σζζιέἱιὶ
1016 646 1142 736 trbi
1182 649 1446 720 videtne
1484 646 1868 728 Philalethes
1911 647 2145 726 ?,Hoc
2186 648 2455 741 quidem
2524 673 2689 720 non.
2731 648 2815 721 de
2883 651 3084 722 nihilo
3118 651 3243 723 est.

339 803 348 812 .
537 748 686 837 Phile
748 751 846 838 At
863 769 990 838 yos
1039 739 1264 834 eti-atis
1301 748 1717 819 vehementer
1749 798 1773 834 ‚
1810 744 1860 816 fi
1897 747 2064 824 hanc
2130 743 2332 836 spatia
2392 766 2576 817 extra
2625 745 2953 817 mundum
2995 745 3247 841 fingen-

350 844 411 916 di
472 841 811 937 libidinem
829 895 866 929 -,
895 839 1130 934 ,insitae
1170 842 1365 914 nobis
1417 845 1582 916 ideae
1631 843 1874 923 mundi,
1913 840 2229 922 indefiniti
2273 860 2737 933 argumentum
2786 840 2906 915 effe
2953 848 3248 937 putatis,

349 943 591 1036 quipp-e
634 966 786 1033 quae
813 939 965 1031 ssnon
1012 935 1131 1010 nisi
1175 964 1260 1010 ex
1325 929 1696 1015 inveteratis
1739 939 2030 1018 infantiae
2074 935 2399 1012 erroribus
2447 940 2655 1012 oritur
2685 989 2708 1025 ,
2758 966 3039 1033 quorum
3085 944 3253 1015 duos

346 1062 469 1132 ego
507 1036 917 1131 potissmium
967 1034 1300 1130 observo„
1349 1039 1601 1110 Primus
1643 1038 1734 1111 est
1766 1090 1790 1124 ,
1837 1039 2016 1130 quod
2050 1057 2200 1108 tum
2248 1036 2524 1108 demum
2564 1035 2769 1108 ⁷nobis
2814 1035 2981 1110 fines
3022 1065 3254 1134 corpo-

344 1136 421 1206 ris
484 1136 751 1228 alicujus
805 1134 1146 1228 concipere
1191 1135 1490 1208 videmur
1516 1186 1541 1223 ,
1600 1161 1753 1209 cum
1793 1136 2086 1227 corporis
2148 1133 2506 1226 cujuspiam
2558 1131 2745 1208 craffi
2796 1138 3098 1232 &opaci
3154 1137 3255 1208 su„-

337 1229 676 1326 perficiem
729 1236 1164 1326 imaginamur
1189 1282 1214 1318 ‚
1273 1255 1459 1305 extra
1510 1259 1712 1326 quam
1762 1233 1936 1323 aliud
1986 1229 2064 1303 fit
2103 1229 2395 1324 subtilius
2438 1233 2502 1301 ἃ
2551 1232 2946 1322 pellucidum
2975 1263 3001 1316 ‚-
3053 1235 3256 1328 quali·

343 1349 435 1403 ter
486 1353 698 1421 terrae,
725 1328 891 1422 fines
939 1353 1058 1420 nos
1109 1331 1451 1422 imaginari
1508 1353 1839 1424 putamus.
1917 1329 2113 1404 Unde
2175 1327 2307 1413 est,
2337 1327 2517 1420 quod
2542 1378 2567 1413 ,
2602 1353 2755 1426 cum
2801 1328 3038 1403 finium
3063 1356 3255 1404 mun..

340 1428 406 1498 di
451 1431 705 1501 mentio
748 1427 878 1518 fit,
914 1429 1333 1520 *nos-partem
1383 1429 1663 1521 aliquam
1702 1478 1727 1514 ‚
1767 1450 1978 1518 quam
2030 1443 2392 1498 extremam
2452 1425 2724 1498 dicimus
2752 1475 2776 1513 ,
2834 1429 3033 1522 paulo
3094 1428 3256 1502 crass

341 1521 580 1598 fiorem
611 1526 1045 1619 imaginamur
1083 1574 1107 1609 ,
1145 1531 1458 1618 extraque
1505 1550 1652 1596 eam
1701 1525 1889 1595 aliam
1933 1520 2234 1593 subtilem
2271 1525 2335 1593 δε
2377 1522 2759 1613 pellucidam
2784 1574 2807 1609 ,
2864 1547 3065 1617 quam
3116 1525 3256 1620 spa.

337 1623 512 1694 tium
560 1627 626 1696 ὃς
669 1647 954 1696 vacuum
1012 1645 1345 1694 vocamus.
1455 1622 1543 1693 Et
1590 1620 1681 1693 ab
1722 1624 1852 1692 hoc
1897 1644 2160 1704 errore,
2222 1621 2536 1711 quoniam
2577 1618 2663 1689 ab
2728 1621 2994 1695 ineunte
3053 1643 3254 1697 aetate

337 1718 533 1791 nobis
569 1721 856 1816 adhaeret
880 1771 908 1807 ‚
965 1721 1282 1815 provenit
1302 1721 1462 1791 haec·
1489 1717 1690 1812 spatia
1725 1734 1932 1790 extra«
1958 1716 2286 1800 mundum
2335 1715 2734 1808 concipiendi
2767 1722 3062 1809 pertinax
3089 1747 3260 1797 con-.-

333 1814 636 1889 suetudo.
705 1820 962 1894 ‘Altera
1011 1814 1308 1890 infantiae
1353 1818 1580 1909 opinio
1604 1867 1627 1901 ,
1679 1840 1832 1907 quae
1889 1838 2008 1885 nos
2068 1813 2151 1912 ad
2198 1812 2505 1906 fingenda
2549 1814 2695 1884 haec
2739 1814 2893 1886 loca.
2942 1819 3254 1913 imagina-

332 1916 428 1985 ria
475 1908 753 2007 imp'ellit
776 1966 798 2001 ‚
846 1914 936 1988 est
970 1965 993 1999 ,
1044 1914 1224 2004 quod
1282 1914 1480 2000 nihil,
1510 1935 1588 1984 ut
1635 1912 1916 2005 spatium
1945 1912 2209 2003 aliquod
2235 1912 2570 2003 imaginari
2601 1907 3015 1985 assuescimus.
3118 1916 3255 1988 Pri-

331 2008 621 2103 usquam
666 2013 845 2082 enim
905 2012 990 2104 ad
1035 2008 1512 2101 Philosophiam
1565 2009 1924 2082 accedimus
1965 2057 1991 2095 ‚
2037 2019 2254 2081 aerem
2299 2010 2366 2079 δε
2406 2007 2720 2100 quidquid
2775 2020 2921 2081 aere
2964 2010 3258 2085 subtilius

331 2105 432 2178 est
466 2159 490 2192 ,
537 2107 695 2178 nihil
753 2110 818 2179 ἃ
872 2129 1154 2178 vacuum
1192 2103 1310 2177 effe
1357 2107 1799 2179 existimamus
1821 2158 1845 2190 ‚
1875 2128 1951 2176 ac
1995 2104 2232 2178 idcirco
2261 2103 2769 2198 quotiescunque
2818 2108 2901 2179 de
2947 2110 3148 2181 nihilo
3191 2114 3258 2183 &

324 2203 522 2278 inani
587 2204 993 2298 cogitamus,
1040 2201 1323 2294 spatium
1363 2206 1796 2294 imaginamur
1853 2203 2014 2282 aeri,
2027 2203 2221 2295 plane
2278 2198 2498 2272 fimile.
2599 2201 2731 2276 Hic
2771 2228 2951 2279 error
3005 2207 3256 2293 diutiu-

325 2327 413 2373 na
477 2301 946 2372 consuetudine
983 2299 1150 2372 altas
1197 2301 1362 2371 adeo
1413 2303 1508 2371 in·
1543 2302 1764 2375 animo
1811 2297 2058 2370 radices
2114 2300 2243 2392 egit
2274 2348 2302 2384 ,
2358 2319 2434 2378 ut
2480 2298 2682 2372 etiam
2730 2301 3102 2396 Philosophi
3140 2306 3257 2377 ho-

325 2400 541 2492 mines
565 2448 592 2483 ,
653 2417 891 2469 caetera
944 2398 1211 2467 minime
1253 2396 1756 2482 contemnendi,
1805 2395 2085 2487 spatium
2121 2421 2393 2488 corpore
2433 2420 2723 2468 vacuum
2751 2447 2775 2481 ,
2828 2399 2893 2470 id
2920 2400 3011 2471 est
3036 2420 3263 2472 exten-

330 2494 514 2570 sum,
575 2491 981 2587 figuratum,
1032 2492 1305 2585 longum
1332 2543 1355 2579 ,
1404 2493 1617 2568 latum
1645 2544 1670 2581 ‚
1726 2492 2136 2586 profundum
2163 2496 2227 2568 δι
2275 2489 2594 2565 divisibile
2639 2494 2797 2566 nihil
2840 2545 2865 2581 ‚
2911 2499 3080 2567 inter
3124 2497 3267 2571 duo

334 2589 608 2684 corpora
657 2590 776 2662 elle
823 2587 1032 2684 posse,
1087 2590 1296 2661 dicere
1336 2616 1472 2662 non
1519 2609 1890 2664 vereantur.
1987 2591 2169 2661 Hinc
2216 2587 2472 2661 fanum
2518 2590 2657 2674 est,
2686 2609 2766 2660 nt
2790 2639 2815 2675 ‚
2869 2588 3259 2686 simulatque

337 2688 740 2773 audivimus,
787 2689 944 2758 nihil
985 2685 1106 2756 effe
1161 2707 1346 2758 extra
1390 2689 1716 2761 mundum
1763 2737 1788 2772 ,
1853 2686 2135 2778 spatium
2184 2685 2449 2775 aliquod
2488 2733 2511 2767 ,
2556 2687 2598 2754 i.
2637 2709 2690 2755 e.
2737 2699 2973 2780 corpus
3023 2686 3258 2763 subtile

332 2783 409 2857 in
486 2783 898 2858 indefinitum
969 2782 1316 2855 extensum
1375 2809 1496 2878 pro
1566 2782 1767 2855 nihilo
1820 2782 2159 2874 imaginati
2219 2778 2552 2852 fuerimus»
2672 2781 2900 2877 thue
2940 2786 2978 2857 a
3025 2789 3262 2862 teneris

339 2883 738 2956 consuescere
785 2883 1073 2955 multum
1104 2878 1197 2950 est
1227 2929 1252 2965 ‚
1303 2882 1370 2951 ἃ,
1412 2879 1970 2974 quemadmodum
2018 2877 2111 2950 ait
2155 2879 2389 2950 Cicero
2442 2926 2468 2964 ‚
2518 2885 2793 2967 maxima
2847 2886 3000 2958 aaa
3037 2891 3116 2981 ςβ
3159 2914 3258 2960 re-

321 3004 597 3076 pugnare
633 2991 707 3053 vi
728 3009 780 3052 ις
802 3033 824 3067 ,
889 2979 1150 3069 obsistere
1181 2979 1536 3068 opinionibm
1558 3030 1583 3065 ‚
1631 2974 1875 3072 cffinsm
1912 2976 2189 3049 lubricos
2199 2975 2490 3068 fitstinere
2543 3005 2564 3046 .·
2640 2977 2799 3053 Inde
2820 2984 2985 3055 adeo
3030 2983 3109 3057 fit
3124 3029 3147 3057 2
3179 3005 3261 3056 ut

328 3097 414 3150 ut
443 3081 804 3149 etiamnum
851 3070 1292 3170 sapientiffimi
1317 3125 1342 3161 ‚
1394 3073 1515 3148 nifi
1572 3072 2055 3149 exorbitantem
2104 3070 2506 3167 phantasiam
2567 3085 2907 3151 coerceant
2938 3131 2960 3166 ,
3012 3077 3135 3150 fibi
3157 3078 3247 3150 ab

328 3174 472 3245 istis
525 3173 732 3267 spatiis
765 3177 862 3246 i'm
946 3174 1161 3244 inariis
1219 3190 1413 3288 ἕπει
1469 3175 1793 3245 mundum
1856 3171 2295 3262 concipiendis
2337 3191 2725 3263 temperare·
2769 3199 2906 3245 non
2968 3172 3238 3265 poffint.

328 3273 470 3345 Sed
515 3273 780 3365 propius
829 3201 1171 3344 vbiffcum
1217 3271 1453 3363 pedem
1501 3268 1849 3341 conferam.
1919 3267 2150 3338 Dicitis
2175 3315 2199 3352 ,
2218 3320 2225 3326 .
2242 3266 2776 3357 imaginationem
2802 3271 2969 3341 hanc
3007 3267 3246 3360 spatio-

317 3394 484 3441 rum
533 3367 715 3441 extra
752 3369 1078 3441 mundum
1135 3390 1404 3459 arguere
1432 3416 1456 3453 ‚
1513 3389 1637 3437 nos
1692 3362 1925 3434 mundi
1973 3359 2298 3435 indefiniti
2332 3361 2550 3431 ideam
2602 3359 2875 3435 habere..
2938 3366 3243 3458 Sedqmq

310 3493 394 3539 te
423 3512 454 3553 ‚
511 3465 772 3559 quaeso,
823 3491 961 3537 non
1002 3461 1352 3537 affirmatis
1377 3511 1401 3549 ,
1455 3488 1590 3551 nos⁴
1616 3461 1876 3532 initium
1917 3457 2149 3529 mundi
2186 3455 2531 3547 concipere
2550 3474 2686 3525 non
2734 3458 2949 3550 posse,
2998 3462 3067 3534 id
3116 3461 3234 3551 est,

315 3560 668 3636 mundum
725 3560 798 3634 in
858 3580 1178 3654 conceptu
1223 3550 1443 3632 nostro
1511 3556 1629 3631 effe
1673 3574 1999 3629 aeternum
2028 3552 2062 3622 2
2122 3575 2238 3644 par
2284 3546 2641 3644 utrobique
2680 3559 2851 3631 satio
2887 3558 3029 3632 est,·
3096 3561 3237 3635 Q

315 3666 511 3735 enim
558 3659 719 3732 mihi
735 3709 759 3744 ‚
803 3650 1214 3751 Polymathes
1242 3707 1265 3744 ‚
1310 3657 1591 3752 concipis
1634 3678 1718 3726 ne
1752 3651 2080 3725 mundum
2114 3644 2432 3743 incepisse.

521 3758 651 3830 I'ol.
712 3756 894 3829 Nihil
935 3755 1203 3828 facilius.
1265 3762 1274 3771 '

527 3854 685 3928 Phil.
749 3858 920 3926 Ante
960 3852 1288 3924 mundum
1336 3854 1529 3946 igitur
1555 3903 1582 3941 ‚
1629 3865 1870 3946 praeter
1931 3847 1998 3919 D
2029 3867 2072 3920 Β
2094 3868 2143 3921 υ
2166 3865 2229 3920 Μ
2256 3896 2289 3935 ,
2321 3845 2481 3940 quid
2525 3842 2653 3919 fuit
2682 3846 2728 3921 ἒ
3024 3918 3055 3926 ..

519 3954 652 4024 Pol.
722 3951 926 4024 Nihil·
1099 3958 1106 3967 ⁹
2952 3962 2989 4025 ⁴:
3087 3958 3095 3964 .
3215 4010 3229 4022 ,

519 4051 680 4122 Phil.
749 4050 904 4143 Jam
945 4050 1016 4117 in
1056 4064 1122 4117 te
1168 4042 1473 4117 descende
1535 4094 1560 4131 ‚
1616 4043 1890 4137 teipsum
1941 4061 2174 4116 excute
2208 4090 2232 4127 ‚
2291 4042 2532 4115 &vide
2563 4092 2587 4128 ,
2622 4056 2722 4119 'an
2768 4048 3227 4123 nonemdem
3310 4064 3345 4080 ’·

309 4149 508 4221 inte
562 4146 792 4218 sentias
848 4140 1350 4237 propensionem
1381 4190 1405 4227 ‚
1458 4141 1614 4231 nihil
1670 4138 1827 4214 illud
1874 4161 2026 4213 ante
2076 4139 2401 4213 mundum
2444 4139 2915 4234 ut·spatiosum
2959 4145 3229 4236 aliquod·
3282 4140 3293 4145 “

308 4246 519 4318 inane
581 4242 1027 4336 imaginandi,
1088 4241 1274 4332 plane
1301 4288 1325 4324 ‚
1380 4254 1459 4309 ut
1509 4261 1685 4308 nunc
1725 4236 2002 4331 spatium
2042 4256 2227 4308 extra
2270 4238 2593 4308 mundum
2635 4242 2915 4331 concipis
2948 4243 2992 4310 ?

521 4343 654 4413 1²01.
723 4342 952 4412 Fateor
1006 4337 1181 4422 idem
1231 4334 1389 4406 mihi
1428 4334 1732 4406 accidere·
1849 4334 2028 4407 Cum
2093 4338 2271 4405 enim
2334 4333 2865 4425 imaginationem
2927 4331 3076 4425 sequ
3085 4359 3160 4405 or
3192 4382 3221 4418 ,

304 4460 471 4513 ante
533 4439 866 4509 mundum
928 4456 1240 4527 magnum
1275 4429 1798 4527 ,‚&“irnmensum
1841 4430 2180 4526 spatium,
2240 4430 2421 4522 quod
2491 4429 2953 4538 nihilquidem
3010 4431 3160 4505 dico
3189 4474 3221 4512 ‚

1837 4573 1859 4584 ,.
2171 4572 2182 4602 ,
2316 4578 2320 4587 ,
2612 4598 2619 4609 ι
2660 4598 2669 4605 j
3158 4584 3166 4589 ,

303 4535 416 4610 sed
466 4561 715 4614 revera
764 4556 998 4626 corpus
1053 4531 1390 4622 imaginor,
3224 4550 3241 4587 1

2976 4590 2985 4597 ’
3060 4612 3221 4685 1²th.
3249 4695 3253 4699 ‚
