4188 5670
926 344 1063 417 108
1374 329 2004 401 Dlsstnr.
2108 340 2254 399 na
2364 322 3607 440 Locro-nicasius

919 512 1042 585 rati
1090 559 1115 597 ‚
1165 505 1481 603 quicquid
1546 509 1831 595 irarum,
1887 507 2198 603 quicquid
2250 501 2394 577 bilis
2460 502 2532 580 in
2579 500 2835 579 diutina
2896 500 3335 600 disputatione
3392 502 3835 597 collegerunt,

914 611 983 682 id
1035 633 1236 682 omne
1283 609 1352 679 in
1393 604 1699 678 miserum
1758 608 2245 680 conciliatorem
2286 624 2627 678 evomunt.
2726 604 2895 695 Qtis
2951 631 3087 678 non
3155 605 3257 678 bic
3292 607 3400 682 illa
3448 606 3701 680 comica
3767 628 3843 674 u·

915 706 1236 804 susparet:
1283 712 1322 776 Ι
1362 726 1509 797 pra,
1542 703 1773 805 sequar
1797 735 1818 775 .·
1853 705 2006 780 mihi
2067 708 2198 798 istic
2228 727 2420 804 neque
2445 697 2684 791 seritur
2727 730 2918 805 neque
2958 713 3213 778 metitur
3238 710 3273 769 ἒ

1115 908 1575 979 Veruntamen
1605 952 1631 989 ‚
1688 900 1736 975 fi
1773 902 2026 978 humani
2069 904 2227 977 nihil
2263 904 2304 975 k
2328 907 2493 985 nobis
2539 901 2808 976 alienum
2853 905 2931 993 ist
2957 930 2982 985 ‚-
3044 898 3089 973 fi
3129 906 3358 974 erranti
3402 909 3649 976 comiter
3670 923 3833 972 mon·

904 1005 1163 1101 stranda
1204 1007 1282 1098 est
1330 1010 1441 1074 via
1500 1028 1525 1085 ‚·
1585 999 1636 1074 fi
1693 1002 1861 1075 beati
1918 1002 2101 1076 sunt'
2137 1007 2399 1094 εἰρωνιπω
2431 1007 2509 1080 ἒς
2559 998 2962 1073 subeundem
3032 1002 3095 1074 ἃ
3146 1002 3276 1073 hoc
3321 1002 3681 1091 periculum
3739 998 3843 1070 ali-

926 1104 1191 1199 quando
1243 1098 1435 1176 nobis
1490 1099 1580 1174 est
1623 1150 1648 1189 ‚
1691 1098 1799 1174 sed
1849 1127 1987 1175 non
2024 1102 2061 1172 a
2106 1096 2405 1194 quolibet
2436 1158 2463 1195 ‚
2511 1125 2648 1174 non
2713 1095 3140 1192 stne¹1uagna
3207 1098 3506 1171 cautione
3562 1096 3847 1171 subcun-

927 1206 1113 1276 dum.
1227 1199 1610 1276 Videndum
1665 1216 1818 1272 ante
1871 1200 2096 1272 omnia
2148 1196 2239 1270 est
2264 1250 2287 1284 ,
2329 1227 2412 1276 ne
2478 1202 2802 1295 litigantes
2850 1197 3216 1270 existiment
3261 1245 3285 1284 ,
3339 1221 3458 1269 nos
3506 1222 3657 1269 cum
3706 1195 3845 1267 illos

932 1301 1273 1375 conciliare
1318 1296 1650 1374 studemus
1673 1347 1699 1385 ,
1758 1297 1881 1370 hac
1939 1301 2197 1371 ratione
2239 1297 2433 1394 supra
2482 1325 2594 1374 eos
2649 1297 2932 1368 eminere
2980 1297 3148 1368 velle
3179 1346 3203 1382 ,
3275 1297 3341 1367 &
3400 1292 3706 1368 affectare
3738 1293 3843 1366 ali-

931 1401 1114 1495 quod
1155 1400 1227 1471 in
1259 1397 1398 1469 illos
1443 1397 1794 1489 imperium
1824 1447 1848 1483 ,
1908 1412 2107 1491 atque
2148 1400 2631 1474 auctoritatem.
2718 1396 2972 1468 Omnia
3016 1394 3189 1467 dicta
3236 1391 3452 1466 nostra
3512 1419 3650 1466 non
3674 1391 3845 1481 {tan-

929 1520 1079 1571 tum
1125 1520 1359 1569 verum
1397 1493 1730 1567 redoleant
1765 1493 1940 1590 pacis
2005 1498 2069 1568 &
2112 1500 2481 1572 concordiae
2522 1517 2820 1569 amorem
2858 1544 2883 1580 ‚
2947 1491 3052 1564 sed
3099 1516 3412 1588 germano
3466 1493 3669 1565 etiam
3727 1485 3842 1563 fint

929 1597 1176 1688 ubique
1215 1590 1566 1668 modeffiae
1619 1592 1836 1668 colore
1871 1595 2125 1666 tincta:
2177 1620 2335 1688 quae
2383 1598 2591 1670 virtus
2610 1645 2635 1684 ‚
2676 1589 2726 1666 fi
2772 1590 2929 1685 quid
2982 1592 3111 1663 hoc
3147 1592 3215 1663 in
3264 1594 3531 1685 negotio
3589 1586 3839 1664 efficere

934 1694 1248 1767 volumus
1271 1742 1294 1778 ‚
1344 1716 1482 1767 non
1528 1688 1673 1766 satis
1714 1689 1906 1768 nobis
1954 1692 2261 1768 inculcari
2316 1694 2547 1791 potest.
2700 1689 2908 1779 Quod
2972 1686 3025 1761 fi
3070 1691 3247 1763 enim
3300 1689 3624 1782 partibus,
3690 1713 3841 1782 quas

771 1786 808 1812 ²
939 1792 1278 1866 conciliare
1330 1790 1640 1866 volumus
1661 1840 1685 1879 ‚
1734 1790 1839 1866 vel
1903 1784 2289 1866 mouiffimis
2365 1792 2585 1868 verbis
2661 1785 3137 1884 exprobramus
3180 1791 3543 1862 caecitatem
3578 1835 3609 1875 ,
3663 1788 3840 1883 quod

937 1890 1240 1964 videlicet
1276 1913 1413 1962 non
1465 1886 1730 1966 videant
1764 1913 1884 1976 ea,
1940 1915 2097 1985 quae
2152 1915 2272 1966 nos
2326 1892 2624 1967 videmus
2664 1914 2683 1960 ε
2740 1890 2962 1960 actum
3003 1887 3362 1981 plerunque
3410 1885 3502 1959 est
3548 1886 3639 1959 de
3698 1911 3842 1962 con-

939 1989 1298 2075 ciliatione,
1353 1987 1662 2079 nullaque
1707 1985 1930 2082 postea
1972 1993 2230 2066 ratione
2268 1992 2567 2066 homines
2620 1986 2813 2062 semel
2861 1986 3094 2058 irritati
3146 1980 3620 2058 movebuntur.
3674 1986 3842 2059 Mul-

938 2106 1014 2162 to
1059 2088 1281 2160 minus
1325 2083 1629 2159 irridendi
1668 2086 1761 2159 illi
1817 2084 2015 2160 nobis
2064 2109 2260 2164 erunt
2290 2140 2315 2178 ,
2371 2109 2688 2185 tanquam
2737 2085 2851 2179 qui
2895 2084 2977 2157 de
3027 2083 3270 2156 umbra
3311 2078 3472 2157 afini
3524 2101 3668 2157 tam
3721 2082 3828 2156 diu

938 2188 1106 2259 inter
1153 2183 1217 2257 se
1270 2187 1685 2258 certaverint·
1802 2177 2042 2260 Ridere
2111 2189 2567 2283 Logomaohus
2637 2184 2798 2260 utile
2844 2180 2936 2256 est
3019 2179 3322 2254 adversus
3373 2182 3837 2276 [ogomadmias

938 2283 1306 2357 remedium
1331 2332 1355 2368 ‚
1403 2278 1510 2353 sed
1560 2283 1720 2356 utile
1766 2284 2129 2377 plerunque
2179 2312 2319 2360 non
2382 2287 2467 2359 ad
2506 2283 2823 2358 sanandos
2862 2304 2975 2353 eos
2993 2332 3017 2369 ‚
3064 2283 3179 2372 qui
3238 2300 3573 2397 propterea
3625 2279 3833 2352 riden-

805 2450 815 2460 .
937 2400 1070 2470 tur,
1105 2380 1215 2455 sed
1247 2399 1567 2470 caeteros,
1611 2380 1728 2477 qui
1773 2378 1901 2458 fibi
1925 2403 2166 2458 cavent
2207 2382 2296 2459 ab
2327 2409 2471 2472 eo,
2507 2382 2690 2478 quod
2734 2383 2811 2456 in
2889 2379 3024 2454 aliis
3054 2378 3249 2454 rideri
3294 2378 3835 2452 anmadvertunt.

1138 2570 1347 2669 Quod
1393 2566 1444 2650 fi
1497 2577 1696 2678 igitur
1738 2573 1923 2658 litem
1986 2576 2158 2656 inter
2206 2576 2375 2655 duos
2421 2577 2875 2677 Logomachos
2923 2602 3324 2672 componere
3383 2579 3475 2653 est
3519 2579 3773 2654 animus
3812 2552 3838 2652 2v

869 2708 891 2723 ·
937 2698 1076 2751 non
1135 2703 1301 2773 opus
1346 2676 1459 2767 est,
1511 2701 1590 2753 ut
1623 2681 1751 2756 boc
1791 2677 2013 2754 statim
2067 2677 2158 2752 ab
2209 2681 2401 2756 initio
2464 2674 2833 2776 profitearis
2880 2725 2906 2764 ,
2949 2679 3171 2770 cyclici
3216 2677 3382 2751 illius
3431 2678 3607 2773 apud
3659 2678 3837 2752 Flac-

944 2800 1096 2849 cum
1145 2778 1372 2852 Poetae
1418 2780 1766 2855 exordium
1821 2779 2139 2856 imitatus.
2259 2778 2667 2855 Sententiam
2704 2775 2812 2851 hic
2846 2797 3073 2852 meam
3111 2776 3322 2853 dicere
3366 2777 3692 2894 ineptum·
3712 2776 3838 2854 for.

766 2932 825 2969 ,2
946 2869 1098 2944 tasse
1137 2873 1250 2961 est,
1313 2876 1673 2969 praesertim
1702 2927 1728 2965 ,
1779 2873 1829 2950 fi
1883 2879 1970 2952 ad
2013 2880 2186 2952 levia
2236 2879 2545 2973 quaedam
2592 2872 3026 2951 descenderet
3083 2877 3263 2972 quod
3310 2872 3363 2949 si
3400 2895 3624 2952 tamen
3672 2902 3842 2972 mep-

949 2972 1072 3043 tire
1113 2972 1274 3042 mihi
1325 2971 1506 3059 licet,
1557 2974 1837 3046 modum
1891 2971 2315 3068 praesoeibam
2336 3026 2364 3065 ,
2498 2974 2652 3047 endi
2725 2995 2880 3045 cum
2922 2974 3380 3070 Lugeamus,
3434 2995 3514 3049 ut
3575 2977 3720 3071 quis
3774 2976 3843 3047 in

950 3090 1187 3141 eorum
1266 3069 1496 3141 animis
1541 3068 1837 3141 sanandis
1895 3069 2168 3166 stopum
2221 3094 2433 3166 propo
2462 3092 2635 3145 itum
2681 3068 2977 3161 facilius,
3030 3091 3113 3146 ut
3180 3093 3346 3167 puto
3374 3116 3403 3160 ι,
3454 3070 3852 3171 affequatur„

947 3165 1267 3260 Pugnant
1313 3166 1482 3241 iuter
1531 3165 1594 3257 se
1648 3165 1848 3260 Cajus
1890 3171 1956 3243 &
2004 3171 2261 3256 Titius,
2306 3195 2391 3243 ac
2434 3193 2664 3247 revera
2714 3164 2844 3243 fibi
2887 3166 3208 3246 diffentire
3260 3169 3574 3247 videntur
3616 3210 3645 3261 5
3693 3194 3844 3244 cum

863 3312 876 3323 κ
947 3263 1165 3338 verbis
1203 3286 1465 3339 tantum
1514 3262 1896 3341 diffentiant.
2013 3266 2144 3342 Hic
2202 3294 2364 3341 vero
2409 3264 2695 3343 {eorsum
2760 3268 2937 3362 prius
2962 3269 3217 3362 Cajum'
3250 3270 3456 3357 adito,
3500 3267 3585 3342 ab
3626 3293 3838 3362 eoque

943 3363 1284 3439 sententiae
1338 3363 1518 3453 suae,
1575 3367 1645 3439 in
1685 3389 1815 3461 qua
1871 3369 1908 3440 ὁ
1953 3368 2138 3443 Titio
2184 3364 2485 3455 diffidet,
2542 3368 3049 3464 explicationem
3080 3367 3345 3461 petito-a
3389 3369 3494 3443 dic
3553 3363 3759 3438 verba
3811 3413 3841 3451 2

940 3488 1095 3555 quae
1141 3463 1590 3557 disputationis
1642 3463 1919 3541 cauffam
1971 3465 2092 3542 effe
2142 3469 2322 3540 vides
2344 3517 2368 3553 ,
2410 3488 2482 3541 te
2533 3465 2864 3553 nonsatis
2906 3466 3303 3561 intelligme,
3346 3489 3555 3560 neque
3605 3484 3849 3537 eorum

940 3561 1438 3653 explicationem
1498 3565 1753 3658 exigere
1793 3564 2010 3640 desine
2034 3617 2059 3653 ,
2111 3566 2321 3641 donec
2374 3565 2709 3641 hominem
2764 3562 2853 3637 ab
2888 3561 3218 3658 ambiguis
3258 3562 3475 3641 verbis
3531 3563 3847 3659 paulatim

939 3658 1021 3729 ad
1071 3658 1339 3732 clariora
1389 3658 1757 3734 abduxeris.
1869 3663 1973 3735 Ibi
2023 3682 2100 3735 tu
2158 3687 2237 3735 ω.
2287 3662 2625 3756 diligenter
2666 3662 2937 3755 excipe,
2968 3682 3191 3778 atque·
3220 3686 3308 3738 ex
3360 3662 3552 3737 dietis
3608 3685 3839 3734 excer-

885 3814 892 3819 .
936 3775 1020 3848 pe
1061 3755 1268 3831 verba
1317 3759 1503 3831 omni
1560 3755 1990 3849 ambiguitate
2036 3760 2318 3832 carentia
2340 3806 2360 3841 ,
2403 3760 2610 3853 iisque
2655 3757 3041 3835 sementiam
3103 3761 3270 3833 illius
3316 3784 3576 3855 expone
3596 3810 3625 3850 ,
3694 3781 3848 3837 tan·

936 3876 1139 3945 quam
1185 3856 1546 3948 periculum
1593 3853 1881 3926 facturus
1904 3905 1931 3942 ‚
1982 3878 2069 3925 an
2108 3855 2247 3945 ejus
2289 3874 2584 3929 mentem
2630 3857 2945 3953 intelligas
2981 3885 3001 3929 ε
3046 3860 3197 3946 dic,
3247 3878 3314 3934 te
3367 3861 3460 3933 ita
3506 3884 3743 3962 mpere
3783 3859 3857 3931 il·

935 3949 1060 4021 lius
1109 3949 1488 4024 sententiam
1508 4002 1531 4038 ‚
1573 3975 1795 4045 quaere
1846 3976 1930 4024 an
1973 3955 2147 4024 redte
2208 3974 2282 4035 ca
2330 3956 2418 4025 ias
2444 3981 2471 4036 ,-
2510 3948 2558 4024 fi
2635 3955 2915 4051 denique
2968 3960 3205 4031 annuit
3248 4007 3273 4045 ‚
3346 3976 3423 4030 tu
3470 3955 3661 4054 quast
3719 3982 3856 4030 me·-

933 4046 1168 4119 moriae
1223 4073 1360 4120 non
1418 4047 1563 4122 satis
1606 4046 1817 4120 fidens
1837 4100 1862 4137 ,
1912 4047 2116 4124 scribe
2155 4074 2272 4125 ver
2324 4075 2361 4122 a
2414 4075 2617 4146 eaque
2661 4051 2780 4149 ipsi
2840 4056 3123 4150 praelege
3175 4084 3194 4128 ε
3235 4053 3285 4128 fi
3339 4058 3404 4129 ἃ.
3466 4058 3637 4130 lecta
3703 4080 3859 4152 pro-

931 4142 1083 4218 bat:
1148 4160 1224 4218 tu
1249 4194 1277 4235 ‚
1329 4149 1550 4241 gratiis
1577 4172 1702 4241 pro
1770 4148 1941 4222 clara
1990 4152 2055 4223 &
2085 4148 2424 4247 perspicua
2485 4152 2918 4247 explicatione
2963 4155 3120 4226 actis
3141 4205 3164 4241 ,
3214 4155 3470 4229 Titium
3509 4154 3619 4228 adi
3674 4205 3703 4245 ,
3755 4178 3863 4228 ea-

926 4244 1209 4339 demque
1262 4247 1513 4321 ratione
1566 4268 1720 4319 cum
1753 4246 1864 4321 illo
1905 4272 2046 4343 age.
2145 4248 2497 4344 Postquam
2559 4252 2654 4324 ita
2707 4250 2813 4326 ab
2850 4271 3135 4347 utroque
3202 4253 3440 4327 claram
3499 4251 3860 4328 sententiae

925 4343 1424 4437 explicationem
1469 4343 1781 4421 elictu'stit
1833 4347 2002 4441 Cajo
2053 4349 2250 4430 Titii,
2281 4349 2466 4422 Titio
2507 4348 2655 4441 Caji
2700 4349 3082 4425 sententiam
3094 4401 3119 4439 ,
3171 4348 3279 4423 sed
3318 4352 3457 4443 jam
3509 4351 3692 4426 elate
3748 4377 3864 4426 ex·

925 4439 1210 4537 politam
1230 4493 1253 4530 ,
1299 4470 1639 4539 propone;
1675 4465 1953 4539 tumque
1985 4498 2011 4536 ‚
2055 4443 2107 4522 fi
2147 4466 2376 4525 neuter
2400 4441 2681 4522 suffretius
2742 4445 3125 4524 senteutiam
3181 4448 3494 4527 damnare
3561 4451 3786 4529 audet
3826 4498 3855 4538 ,

925 4542 1180 4638 optime
1224 4560 1579 4640 utrumque
1629 4543 2015 4623 conciliabis.

3628 4655 3881 4744 scripu

2547 4778 2591 4821 e?
