4188 5670
931 345 1078 421 334
1830 318 2815 405 'Luerrouzs

996 517 1003 522 ’
1122 505 1350 578 Solent
1389 497 1715 602 Theo¹ogi
1762 502 1934 599 saepe
1975 503 2232 592 dicere,
2285 502 2489 582 fidem
2527 555 2550 594 ,
2595 531 2795 600 quam
2831 498 3256 598 dogmatibus
3302 507 3718 602 Theologicis
3743 510 3876 589 lta-4

923 604 1197 692 bemus,
1224 623 1374 678 tum
1406 603 1681 682 demum
1715 600 1859 677 fieri
1891 624 2178 693 certam,
2215 600 2266 677 fi
2311 605 2389 677 a'd
2432 606 2712 680 rationes
2752 611 2817 679 δι
2858 625 3172 696 argumen
3206 628 3245 676 a
3276 608 3621 695 credendi,
3674 630 3870 685 acce.

923 707 1022 778 dit
1064 706 1132 776 in
1160 699 1468 776 cordibus
1512 701 1749 776 nostris
1793 704 2197 795 testimonium
2236 710 2545 777 iraeernmn
2569 704 2824 798 spiritus
2859 712 2924 779 S.
2984 703 3164 794 quod
3191 702 3584 798 dogmatum
3614 710 3868 782 verita-

925 817 1064 876 tem
1108 798 1459 898 obfignet3
1541 823 1692 877 tum
1723 827 1887 875 vero
1928 826 2200 875 omnem
2246 801 2822 877 dubitationem-in
2852 797 3044 875 nobis
3072 800 3213 873 tolli
3238 853 3262 888 ‚
3309 804 3401 875 ita
3452 829 3532 878 ut
3569 831 3709 877 non
3736 813 3878 883 mi-

924 926 1048 975 nus
1111 897 1390 974 firmiter
1447 899 1788 974 credamus
1836 901 1943 974 illa
1994 900 2346 996 dogmata,
2401 928 2602 997 quam
2652 927 2804 997 quae
2875 901 3026 973 sunt
3090 904 3392 973 omnium
3449 902 3801 980 certiffima
3835 959 3866 997 ‚

924 1021 1211 1093 quaeque
1269 1017 1389 1073 aut
1433 1000 1769 1073 evidenter
1822 995 2081 1095 pofl'unt
2129 1000 2557 1075 demonstrari
2608 1051 2645 1090 r
2683 1020 2801 1075 aut
2879 1001 3225 1093 nequidem
3291 1002 3878 1083 demonstratione
3919 1015 3931 1033 ¹

924 1097 1238 1191 indigent.
1356 1099 1511 1172 Hoc
1562 1122 1724 1172 vero
1773 1119 1912 1170 non
1961 1102 2182 1192 negari
2215 1099 2520 1194 quidem,
2573 1101 2680 1175 std
2725 1104 2898 1175 reste
2950 1097 3149 1174 debet
3175 1102 3464 1197 intelligi.

1118 1239 1600 1318 Testimonium
1638 1242 1794 1315 illud
1845 1251 2152 1317 int-*emam
2172 1295 2195 1332 ‚
2247 1269 2383 1319 non
2436 1245 2534 1319 est
2573 1246 3015 1322 testimonium
3049 1255 3282 1340 proprie
3321 1246 3611 1336 dictum,
3674 1254 3860 1347 quafi

925 1344 1199 1437 Spiritus
1254 1343 1316 1416 8.
1357 1342 1665 1433 cuiquam
1709 1348 1939 1433 proprie
1973 1343 2296 1416 revelaret
2357 1343 2682 1440 speciatim
2705 1397 2729 1434 ,
2784 1350 2913 1422 hoc
2963 1346 3208 1418 illudve
3266 1347 3506 1442 dogma
3558 1347 3686 1423 eise
3737 1381 3862 1428 ve-

922 1466 1073 1515 rum
1099 1491 1123 1529 ,
1184 1460 1265 1512 ut
1317 1440 1410 1510 ita
1451 1438 1618 1511 illud·
1666 1438 2015 1533 cognoscat
2048 1468 2134 1515 ex
2169 1442 2406 1538 duplici
2438 1447 2882 1536 revelatione,
2943 1470 3225 1540 quarum
3266 1444 3464 1519 altera
3506 1449 3600 1522 est
3631 1473 3854 1550 «exter.

921 1566 1003 1612 na
1024 1590 1047 1627 ‚
1090 1541 1160 1610 in
1192 1533 1425 1626 ,verbo
1470 1538 1645 1625 Dei,
1701 1539 1900 1612 altera
1981 1547 2223 1614 interna
2291 1593 2314 1629 ‚
2371 1569 2569 1637 quam
2597 1545 2878 1640 quilibet
2905 1546 3176 1640 accipiat
3197 1546 3573 1622 immediate
3610 1550 3650 1621 ὲ
3673 1551 3850 1643 Deo,

923 1662 1059 1714 non
1114 1633 1291 1707 secus
1359 1659 1437 1708 ac
1487 1635 1835 1732 Prophetae
1884 1639 2200 1713 divinitus
2276 1641 2579 1736 inspirati.
2689 1639 2848 1720 Hic‘
2896 1648 3073 1718 enim
3140 1640 3291 1717 effet
3355 1671 3560 1738 purus
3653 1674 3849 1745 putus

936 1733 1392 1825 Entbufiafhtus
1410 1784 1436 1823 ,
1477 1760 1676 1831 quem
1721 1738 2057 1834 Theologi
2094 1764 2322 1813 omnes
2370 1742 2474 1814 hic
2517 1770 2655 1815 uno
2708 1770 2823 1819 ore
2862 1744 3181 1837 rejiciunt.
3281 1749 3460 1838 Qlae
3498 1747 3698 1842 igitur
3732 1753 3846 1825 hac

930 1834 997 1913 in
1046 1858 1114 1905 re
1155 1854 1370 1927 partes
1415 1832 1566 1907 sunt
1591 1837 1864 1929 Spiritus
1904 1838 1967 1911 8.
2001 1841 2046 1909 ³⁹
2111 1838 2501 1912 Audivimus
2538 1840 2622 1912 ab
2670 1845 2854 1916 initio
2900 1892 2923 1929 ,
2994 1844 3271 1916 rationes
3313 1848 3624 1920 credendi
3693 1851 3842 1922 tales

916 1927 1042 2008 ussb
1103 1982 1126 2020 ,
1188 1950 1268 2004 ut
1321 1932 1390 2003 in
1450 1933 1645 2006 corde
1685 1936 1807 2007 rite
1849 1933 2159 2031 disposito
2210 1936 2411 2012 fidem
2462 1941 2825 2035 producant
2854 1994 2875 2027 ,
2910 1944 2974 2015 &
3019 1939 3222 2015 fidem
3274 1945 3546 2037 quidem
3597 1949 3784 2019 talem
3809 2000 3832 2034 ,

920 2055 1077 2124 quae
1129 2054 1401 2102 omnem
1449 2028 1930 2106 dubitationem
1978 2036 2186 2108 tollat.
2278 2040 2450 2111 Haec
2499 2066 2657 2113 vero
2710 2032 2920 2136 cordis
2967 2040 3308 2137 dispositio.
3341 2044 3434 2116 est
3453 2049 3688 2140 gratiae
3722 2048 3836 2146 Dei

925 2132 990 2202 ἃ
1049 2128 1321 2222 Spiritus
1356 2130 1419 2201 8.
1446 2180 1469 2216 ,
1518 2130 1694 2203 unde
1739 2132 2018 2225 petenda
2054 2129 2142 2204 ab
2169 2158 2251 2205 eo
2282 2133 2541 2210 affiduis
2581 2140 2881 2232 precibus
2920 2137 3132 2236 3'quae
3187 2141 3231 2214 fi
3288 2145 3392 2214 cui
3440 2148 3868 2234 concedimr‚·-

918 2232 1071 2300 tum
1122 2252 1283 2301 vero
1329 2229 1539 2303 oritur
1596 2229 1667 2302 in
1707 2254 1790 2317 eo
1841 2229 2112 2305 summa
2160 2233 2270 2305 illa
2289 2238 2670 2325 certitudo,
2715 2264 2868 2332 quae
2903 2241 2968 2310 in
3023 2238 3153 2314 fide
3180 2244 3297 2315 effe
3343 2244 3590 2335 potest,
3647 2271 3830 2336 quae-

925 2352 1053 2420 que
1087 2328 1367 2421 proinde
1414 2329 1481 2401 in
1551 2331 1737 2422 praxi
1785 2331 2092 2406 mirificos
2146 2357 2624 2427 nonnunquam
2667 2338 2868 2411 habet
2904 2334 3217 2423 effectum
3276 2362 3356 2414 ut
3407 2340 3703 2415 discimus
3740 2367 3825 2416 ex

920 2423 1118 2498 Hebr.
1164 2424 1290 2497 xl.
1338 2428 1409 2500 δε
1444 2427 1589 2500 aliis·
1617 2428 1824 2500 Locis.
2915 2479 2921 2486 -

1118 2568 1275 2641 Hoc
1324 2594 1486 2642 vero
1524 2593 1679 2645 cum
1715 2570 1870 2646 facit
1908 2574 2184 2669 Spiritus
2218 2575 2281 2650 8.
2316 2573 2562 2652 dicitur·
2590 2578 3032 2684 a„Theologis
3078 2591 3424 2686 improprie,
3472 2599 3549 2671 de
3589 2600 3810 2670 verita.

922 2684 989 2758 te
1025 2663 1442 2764 dogmatum,
1484 2669 1567 2742 de
1604 2673 1879 2744 veritate
1917 2669 2132 2746 sensus
2150 2676 2213 2749 8.
2252 2675 2645 2769 Scripturae,
2687 2682 2768 2756 de
2812 2684 2943 2778 ipsa
2978 2690 3328 2781 Scripturee
3355 2697 3691 2770 divinitate
3707 2694 3832 2774 ress.

882 2765 1105 2855 ,tariffi
1146 2766 1383 2864 illaque
1427 2765 1542 2841 suo
1587 2768 1965 2844 testimonio
2010 2770 2372 2870 obsignare.
2423 2777 2657 2853 Voluit
2701 2785 2875 2857 enim
2923 2787 3104 2861 Deus
3146 2791 3236 2863 ita
3276 2792 3468 2866 nobis
3506 2799 3822 2888 revelare,

924 2886 1078 2953 quae
1112 2863 1303 2938 nobis
1341 2864 1504 2941 scitu
1541 2869 1624 2940 ad
1668 2867 1939 2943 salutem
1983 2873 2167 2945 utilia
2234 2870 2423 2963 sunt,
2491 2896 2567 2950 ut
2622 2879 2864 2970 adea,
2920 2905 2998 2960 ut
3034 2887 3256 2973 decet,
3316 2895 3638 2971 credenda
3665 2951 3686 2985 ‚
3736 2926 3827 2973 re.

971 2959 1288 3035 niteretur
1332 2971 1511 3037 recta
1558 2969 1626 3039 in
1644 2967 1938 3059 subjecto
1977 2969 2450 3070 dispofitio‚.ut
2489 2976 2798 3053 discimus
2826 3007 2906 3051 ex
2947 2986 3259 3083 paraboly
3303 2996 3543 3067 Matth,
3592 3000 3823 3074 XIII,

910 2983 1116 3146 Jemen
1160 3061 1335 3130 enim
1370 3069 1435 3131 in
1483 3081 1650 3135 terra
1698 3067 2025 3156 projeeJum
2076 3067 2333 3158 (flvmen
2373 3071 2528 3143 illud
2566 3074 2720 3146 nihil
2770 3080 2943 3152 aliud
2985 3084 3114 3174 est,
3166 3087 3283 3162 nifi
3336 3092 3624 3171 verbum
3658 3099 3823 3188 Dei,

923 3153 1107 3249 quod
1161 3155 1354 3231 nobis
1401 3158 1786 3253 revelatur)
1827 3187 1962 3235 non
2000 3165 2130 3235 tale
2179 3166 2272 3239 est
2294 3218 2319 3257 ,
2382 3186 2459 3242 ut
2487 3167 2796 3247 =frucstum
2823 3179 3011 3271 ferat<
3046 3185 3322 3262 debitum
3341 3243 3363 3279 ‚
3405 3199 3471 3265 in
3493 3222 3828 3294 quamam.-

916 3280 1041 3352 ‚que
1076 3273 1306 3329 terram
1332 3257 1516 3357 cadat
1530 3303 1550 3332 ³
1600 3258 1799 3332 etiam
1841 3266 2080 3333 inviam
2094 3313 2118 3349 ‚
2175 3266 2244 3337 in
2288 3285 2517 3340 tmam
2558 3275 2851 3367 petrosam
2872 3329 2897 3364 ‚
2953 3284 3015 3353 in
3033 3285 3238 3377 spinas
3265 3292 3328 3373 ἃ
3349 3290 3641 3380 fintima
3656 3323 3685 3378 ‚-
3709 3278 3850 3368 [ω’

922 3354 1096 3442 tale,
1137 3377 1215 3428 ut
1250 3354 1542 3430 fructum
1596 3376 1746 3431 ‘mm
1791 3359 2079 3434 demum·
2119 3358 2286 3438 ferat
2315 3416 2338 3453 ,
2394 3362 2459 3439 fi·
2495 3370 2720 3445 incidit
2761 3376 2829 3445 in
2860 3398 3102 3454 terram
3149 3384 3415 3462 bonam.
3517 3420 3538 3433 ··

1115 3504 1331 3577 Potest
1378 3508 1442 3578 δε
1490 3508 1620 3582 hoc
1684 3510 1975 3585 illustrari
2038 3540 2126 3587 ωε
2181 3525 2558 3606 conti-arim
2630 3528 2910 3606 Cermm·
2968 3539 3062 3613 est
3105 3525 3628 3629 incredulitatem
3687 3573 3815 3627 non

904 3613 1055 3702 ,ερατ
1109 3606 1456 3695 provenire
1498 3631 1581 3679 ex
1620 3607 2073 3686 insufficientia
2113 3639 2653 3712 argumentorum
2704 3632 3000 3710 credendi
3028 3692 3072 3728 ,f
3109 3670 3311 3737 quam
3352 3674 3437 3723 ex
3463 3655 3639 3728 mala
3685 3677 3818 3725 cot·

902 3694 1370 3813 ⁸(issimus-{erm
1424 3707 1537 3797 qui
1580 3706 1753 3778 enim
1799 3711 2086 3784 maxime
2127 3716 2439 3790 increduli
2487 3719 2682 3812 sunt,
2729 3731 3045 3808 in-rebust
3089 3744 3185 3815 ad·
3217 3744 3489 3824 salutem
3532 3750 3818 3847 specstan-

898 3788 1135 3873 ‚trbus‚
1186 3822 1251 3867 m
1304 3798 1442 3873 aliis
1504 3797 1676 3896 saepe
1718 3801 1868 3879 sunt
1911 3810 2103 3882 valde
2144 3816 2382 3888 creduli
2413 3869 2454 3905 ,,
2493 3823 2560 3893 8ο
2602 3823 2683 3895 de
2736 3831 2952 3905 multis
2987 3841 3412 3921 nullomodo
3457 3848 3814 3937 dubitant,

896 3915 1069 3983 *quae
1116 3916 1253 3965 non
1285 3915 1425 3968 tam
1470 3901 1695 3972 validis
1751 3906 2117 3979 rationibus
2145 3912 2495 4003 nituntur,
2549 3914 2745 4015 quam
2771 3929 3416 4027 Religio-Christiana
3455 3951 3820 4047 &dogma-

894 4007 983 4085 ta
1017 3986 1189 4061 fidei.
1245 3992 1445 4099 Unde
1490 3996 1993 4075 manifestiffime
2064 4010 2471 4085 concluditur
2496 4065 2520 4101 ‚
2576 4020 2656 4091 ad
2711 4024 2831 4098 rite
2888 4034 3199 4111 credenda
3246 4044 3572 4141 religionis
3622 4051 3818 4146 placi·

886 4108 1018 4187 ra,
1043 4090 1287 4204 ‘malam
1322 4092 1503 4164 hanc
1530 4094 2016 4188 dispositionem
2062 4100 2310 4198 abefl‘e,
2354 4112 2419 4184 ἃ
2457 4114 2649 4190 aliam
2697 4125 3030 4203 meliorem
3080 4137 3284 4215 adeffe
3329 4143 3612 4231 debere3
3656 4172 3815 4246 quae

893 4183 1003 4256 est
1037 4187 1142 4299 illa
1179 4184 1311 4279 ipsa
1327 4238 1367 4301 ,ἑ
1404 4215 1572 4287 quae,
1600 4219 1681 4265 ex
1728 4196 2224 4297 Theologorum
2282 4206 2651 4289 nostrorum
2716 4219 3024 4302 sententia
