4188 5670
914 329 1077 402 430
1371 288 1387 303 ’
1936 332 1943 345 ·
2097 278 2684 379 ‘onina‘

911 512 1172 565 raretur
1190 541 1212 576 ,
1241 482 1529 564 tardiora
1565 492 1704 562 non
1732 488 2067 580 repelleret
2092 530 2116 558 ‚
2149 481 2258 559 sed
2284 510 2358 559 ea
2386 536 2410 572 ‚
2441 482 2898 581 applaudendo
2937 481 3514 584 qualibuscunque
3560 483 3859 585 profedi.

911 588 1045 662 bus
1072 640 1095 676 ,
1132 587 1487 661 identidem
1543 589 1873 660 excitaret.
1952 589 2170 660 Suave
2201 585 2495 679 inprimis
2526 584 2841 661 omnibus
2875 583 3410 681 reddebathujus
3439 590 3702 686 linguae
3735 588 3856 666 stn-

886 689 1110 762 ‘dium
1140 738 1163 777 ‚
1204 706 1350 757 tum
1399 707 1712 780 perpetua
1733 686 2141 757 humanitate
2170 734 2193 770 ,
2235 705 2386 756 tum
2438 687 2735 759 methodi
2776 683 3102 761 facilitate.
3182 687 3352 763 Non
3390 689 3472 760 in
3509 690 3770 781 punctis
3796 692 3857 766 Et

923 786 1215 857 minutiis
1257 779 1597 877 discipulos
1627 784 1742 856 diu
1772 781 2152 862 detinebat;
2207 806 2345 854 non
2379 782 2685 877 exigebat
2711 835 2732 863 ‚
2789 801 2868 858 ut
2901 781 3229 857 vocabula
3277 803 3402 860 aut
3452 787 3852 864 Grammati-

886 909 1022 959 Ὃκ
1060 881 1312 978 regulas
1343 882 1617 956 molesto
1660 877 1886 954 labore
1923 880 2273 953 memoriae
2304 879 2687 976 infigerent.-
2727 879 2833 955 sed
2863 879 3163 955 flexionis
3208 905 3471 957 vocum
3503 886 3574 957 ’δι
3605 886 3854 976 radicir,

886 996 1002 1055 ‘ut
1047 981 1407 1074 loquuntur
1438 1031 1462 1067 ‚
1509 979 1931 1077 ‘investiganda
1982 998 2322 1072 utcunque
2369 970 2657 1073 peritos‘,
2735 981 2801 1055 S.
2829 977 3048 1052 Bibliis
3098 981 3164 1053 in
3216 1005 3464 1054 manus
3521 982 3796 1057 traditis·
3819 1035 3843 1075 ‚

852 1121 858 1127 -
924 1081 1141 1174 legere'
1189 1078 1407 1149 statim
1456 1081 1524 1152 δι
1570 1099 1905 1172 exponere
1949 1074 2274 1170 jubebat:
2327 1098 2653 1172 praecepta
2699 1102 2864 1150 vero
2893 1078 3339 1152 Grammatica
3365 1131 3391 1165 ‚
3439 1078 3610 1154 scitu
3656 1081 3845 1155 neces·

876 1176 1082 1249 “saria
1110 1225 1135 1262 ,
1188 1194 1267 1248 ut
1290 1174 1601 1268 cujusque
1640 1200 1831 1248 exem
1841 1176 1944 1267 pla
1976 1174 2042 1247 se
2073 1176 2243 1247 inter
2286 1175 2638 1269 legendum
2684 1171 3054 1250 offerebant
3069 1225 3094 1261 ‚
3135 1174 3486 1251 indicabat
3510 1207 3535 1261 3
3560 1199 3752 1273 atque
3778 1184 3838 1254 in

890 1282 1193 1368 -Epitome
1222 1293 1340 1348 aut
1382 1276 1449 1346 in
1477 1280 1891 1347 Grmnmatico
1923 1272 2220 1361 Thesauro
2268 1274 2505 1365 inquiri
2539 1277 2607 1348 δι
2630 1274 2845 1348 notari
2875 1271 3156 1365 jubebat
3194 1301 3213 1344 ε
3253 1271 3680 1370 similemque
3720 1304 3840 1353 rne-

890 1373 1205 1447 ‘thodum
1240 1369 1636 1446 observabat
1667 1422 1691 1462 ‚
1723 1368 1771 1443 sr
1820 1373 1925 1445 cui
1969 1372 2053 1443 ad
2074 1369 2081 1375 ’
2105 1369 2591 1445 Chaldaisrnum
2631 1390 2750 1447 aut
2796 1370 2886 1446 ad
2936 1368 3299 1447 Rabbinioe
3344 1374 3418 1446 8ι
3469 1376 3849 1455 Τὴειίωιιάἰ-’

922 1494 999 1545 ca
1036 1469 1268 1564 scripta
1316 1471 1621 1566 progredi
1676 1470 1924 1564 volupe
1975 1488 2135 1543 erat.
3142 1522 3148 1527 -
3779 1476 3784 1477 ⁷

896 1616 907 1719 J
1031 1626 1267 1700 Talem
1291 1625 1664 1713 ledkiooem,
1694 1626 1939 1700 iterum
1958 1626 2326 1721 iterumque
2340 1623 2692 1718 repetitam
2710 1678 2735 1713 ‚
2764 1626 2942 1700 viam
2967 1624 3255 1708 maxime
3283 1627 3821 1722 compendiariam

916 1723 1221 1800 credebat
1246 1773 1271 1810 ,
1318 1726 1384 1797 &
1404 1721 1989 1820 significationibus
2023 1748 2268 1797 vocum
2309 1723 2695 1819 retinendis,
2735 1727 2800 1798 &
2826 1726 3136 1818 paulatim
3163 1725 3672 1813 Grammaticae,
3719 1751 3816 1798 ve·

906 1848 1124 1918 ’toque
1185 1822 1431 1917 linguae
1470 1826 1664 1918 genio
1712 1821 2033 1896 discendo,
2140 1819 2471 1916 Operosas
2543 1822 2958 1917 quorundam
3009 1823 3361 1897 methodos
3416 1823 3609 1896 imbri
3652 1846 3812 1894 com-

912 1920 1188 2018 parabat
1212 1969 1238 2009 ‚
1337 1946 1587 2015 magno
1642 1923 1898 2014 impetu
1962 1922 2029 1992 in
2092 1939 2288 1994 terrae
2339 1916 2743 2015 superficiem
2799 1921 3057 2011 ,cadenti
3099 1971 3124 2007 ‚
3178 1946 3464 2016 eamque
3496 1915 3800 1994 inundanti

900 2019 1227 2115 ·quidem;
1273 2014 1381 2091 sed
1407 2069 1432 2105 ‚
1472 2022 1657 2112 aquis
1689 2020 1821 2091 cito
1861 2012 2316 2092 diffluentibus
2335 2070 2359 2105 ‚
2402 2038 2521 2091 nec
2558 2016 2971 2100 hurnestanti,
2994 2044 3121 2092 nec
3159 2015 3557 2092 foecundanti
3597 2044 3615 2087 ε
3652 2014 3802 2088 hant

909 2140 1077 2191 vero
1132 2116 1518 2189 methodum
1550 2169 1574 2204 ‚
1618 2112 1848 2189 sensim
1893 2136 1978 2189 ex
2016 2118 2249 2191 iterata
2298 2115 2574 2188 leffione
2629 2114 3050 2210 proficiendi,
3095 2113 3486 2197 affimilabat
3527 2114 3755 2211 pluviae
3775 2164 3800 2199 ,

895 2210 1290 2290 'rorantibus
1338 2218 1537 2309 guttis
1579 2215 1840 2309 placide‘
1858 2217 1922 2286 in
1951 2235 2191 2287 terram
2239 2211 2529 2301 labenti,
2562 2214 2645 2286 ad
2674 2216 2814 2307 ejus
2845 2213 3085 2288 viscera
3117 2219 3506 2308 penetranti,
3538 2230 3800 2305 eamque

892 2314 1204 2409 'irriganti
1245 2314 1321 2384 ’ἃ
1356 2311 1732 2406 frugiferam
1788 2312 2104 2385 reddenti.
2181 2312 2400 2402 Hujus
2441 2312 2624 2384 modi
2656 2309 3025 2386 bonitatem
3062 2311 3193 2408 ipsa
3220 2312 3593 2405 experientia
3621 2333 3794 2381 com·

890 2406 1229 2508 ‘probavit
1252 2442 1273 2482 .-
1299 2408 1621 2504 multique
1676 2411 1914 2505 egregii
1938 2411 2063 2481 viri
2088 2460 2114 2496 ‚
2168 2431 2322 2482 cum
2358 2409 2671 2481 nostrates
2695 2431 2841 2483 tum
2881 2413 3136 2497 exteri,
3187 2411 3251 2481 in
3281 2405 3610 2482 Hebraicis
3637 2402 3787 2477 aliis-

910 2535 1041 2605 que
1084 2505 1396 2583 affinibus
1425 2508 1628 2581 literis
1673 2504 2079 2581 versatiffimi
2100 2559 2124 2594 ‚
2175 2531 2313 2580 non
2374 2505 2763 2580 erubescunt
2811 2506 3002 2581 fateri
3043 2560 3067 2597 ,
3133 2508 3199 2581 se
3267 2503 3597 2602 progreffus
3650 2500 3794 2576 suos

910 2611 1226 2782 {auctoni}
1265 2607 1483 2682 nostro
1515 2655 1542 2696 ,
1590 2604 1863 2702 eiusque
1885 2603 2059 2680 fideli
2089 2655 2116 2695 ‚
2168 2606 2475 2699 jucundae
2522 2606 2588 2679 &
2632 2606 2912 2695 dextrae,
2944 2605 3334 2683 institutioni
3387 2625 3664 2701 acceptos
3710 2625 3803 2677 re-

942 2734 1100 2782 erre.

892 2875 902 2892 ,
944 2853 950 2862 ·
1034 2854 1044 2866 ·
1106 2806 1236 2883 Se'd
1290 2814 1792 2903 quantacunque
1822 2802 2025 2880 fuerit
2072 2807 2217 2879 haec
2250 2801 2483 2879 Nostri
2530 2802 2601 2877 in
2644 2799 2943 2879 docendo
2992 2802 3296 2889 solertim
3359 2824 3465 2902 tot
3512 2817 3804 2899 praeterea

889 2906 981 2984 fin
1027 2930 1114 2979 eo
1149 2907 1335 2978 dotes
1364 2909 1428 2979 &
1455 2909 1732 2979 virttrtee
1764 2902 2145 2976 eminebant
2167 2956 2190 2990 ‚
2221 2923 2300 2975 ut
2328 2907 2471 2976 haec
2516 2903 2686 2975 inter
2734 2906 3115 2977 innumeras
3176 2904 3326 2975 alias
3373 2928 3509 2977 non
3557 2918 3802 2974 tantum

890 3000 1109 3082 ,fuerit
1134 3002 1483 3095 conspicua
1508 3053 1537 3088 ‚
1588 3020 1918 3095 quantum
1970 2998 2018 3073 fi
2072 2998 2202 3071 sola
2243 2996 2473 3082 fuiss‘et.
2552 3000 2973 3076 Prudentiam
3005 3051 3033 3089 ,
3117 3026 3228 3075 uae
3274 3002 3410 3093 jam
3453 3003 3525 3073 in
3571 2994 3800 3072 adoles·

896 3117 1098 3184 ,cente
1141 3096 1534 3172 admirabilis
1554 3097 1688 3171 fixit
1721 3146 1749 3184 ,
1796 3095 2212 3189 auxitsslonga
2269 3096 2712 3192 peregrinatio
2736 3147 2764 3185 ,
2805 3094 3070 3173 .affiduu
3143 3124 3228 3172 ue
3275 3102 3341 3174 δι
3379 3098 3711 3174 homiuum
3744 3095 3804 3165 ἅ

898 3222 1130 3272 :rer-um
1174 3191 1364 3278 usus-3
1411 3197 1575 3289 quin
1622 3198 1713 3270 8ιι
1744 3194 1937 3267 Ιεὲὶίο
1965 3245 1990 3282 ,
2025 3219 2192 3288 quos
2237 3219 2379 3289 prae
2424 3196 2674 3268 caeteris
2724 3195 2994 3272 amabat
3016 3249 3042 3288 ,
3079 3196 3406 3273 librorum
3434 3248 3462 3287 ,
3500 3192 3800 3270 eonferen-

892 3302 1079 3369 =tium
1115 3294 1357 3389 aliquid
1392 3295 1477 3388 ad
1520 3297 1727 3391 vitam
1765 3291 2173 3388 sapienter&
2210 3291 2485 3386 provide
2513 3291 2989 3384 ⁸instituendam
3034 3325 3052 3369 z
3107 3321 3275 3391 quos
3311 3298 3498 3370 -inter
3529 3291 3801 3387 &equen-

892 3392 1156 3482 ,tiffime
1203 3395 1491 3467 lect'tare
1516 3389 1765 3490 solebat
1802 3388 2105 3482 Francffci
2129 3396 2378 3465 Batonis
2414 3392 2490 3464 de
2538 3394 2878 3496 Verulamio
2892 3395 3194 3486 sermones
3214 3395 3430 3492 fideles
3450 3447 3475 3483 ‚
3530 3413 3719 3488 quem
3737 3387 3798 3460 li-

892 3491 1164 3572 ebenum
1212 3517 1552 3586 nunquam
1624 3488 1765 3564 'fere
1833 3490 1915 3562 de
1959 3487 2265 3562 manibus
2298 3484 2699 3584 deponebat.
2811 3493 2960 3565 Hac
2999 3493 3344 3587 prudentia
3390 3493 3634 3567 Ειᾶιιω
3657 3484 3736 3562 est
3765 3533 3789 3570 0
3928 3579 3938 3592 ·

896 3611 990 3662 ·ut
1024 3593 1094 3663 in
1117 3588 1424 3663 omnibus
1453 3591 1728 3685 negotiis
1766 3588 2105 3662 moderata
2137 3590 2357 3683 potius
2400 3583 2669 3662 consilia
2718 3589 2777 3664 ei
2825 3592 3152 3685 placerent
3197 3642 3222 3679 ‚
3321 3617 3480 3666 uam
3515 3587 3694 3664 oelida
3730 3583 3787 3655 ἃ

894 3690 1268 3781 ,praecipitia
1290 3718 1314 3770 ‚-
1342 3690 1638 3782 nihilque
1682 3712 1802 3761 nec
1843 3686 1974 3780 ipse
2021 3683 2363 3781 susciperet
2393 3736 2418 3774 ‚
2458 3688 2734 3760 nec-aliis
2774 3686 3249 3785 suscipiendum
3314 3676 3736 3775 underet‚nifi
3759 3727 3785 3766 ι

900 3782 1220 3860 »omnibus
1261 3788 1438 3880 prius
1489 3783 1984 3858 difficultatibus
2006 3834 2034 3873 ,
2077 3796 2359 3878 qu‘arum
2396 3786 2572 3858 nulla
2616 3782 3068 3881 perspicaciam
3105 3787 3244 3882 ejus
3282 3787 3541 3885 fugerat
3565 3837 3592 3875 ,
3615 3777 3795 3880 ptobss

894 3879 1204 3982 gexpenfie
1248 3909 1276 3953 -:
1329 3885 1520 3975 plane
1562 3904 1686 3970 ut,
1734 3885 2106 3977 quicunque
2157 3884 2293 3972 ejus
2354 3879 2621 3978 confilio
2674 3884 3030 3960 utebantur
3077 3936 3102 3973 ,
3154 3883 3290 3960 fine
3332 3907 3517 3961 metu
3569 3876 3803 3981 aggteffi

886 3977 1221 4080 ‘pofl'ent2‘
1255 3979 1433 4073 quod
1493 3977 1838 4052 Buxtorfio
1884 3997 2107 4051 tutum
2149 3979 2498 4051 videretur.
2577 3979 2768 4055 No'vi
2799 3981 3107 4078 equidem
3132 4036 3157 4074 ,
3197 4006 3434 4060 cautos
3460 3986 3810 4059 &eircum-

894 4081 1156 4177 ‘spedtos
1193 4080 1368 4149 viros
1413 4076 1802 4149 subtimidos
1847 4075 2181 4148 interdum
2243 4076 2449 4149 videri
2497 4078 2571 4148 iis
2625 4129 2652 4167 ,
2696 4080 2937 4176 quibus
2977 4081 3148 4177 saepe
3203 4081 3467 4157 feliciter
3521 4069 3694 4155 cedit
3729 4097 3811 4149 te-

879 4180 1217 4253 '·meritas·:
1274 4171 1380 4246 sed
1421 4177 1735 4276 contingit
1769 4175 1873 4247 hic
1903 4171 2162 4247 fortafl‘e
2185 4223 2212 4261 ‚
2256 4175 2437 4270 quod
2468 4176 2547 4247 in
2581 4174 2803 4253 fabula
2840 4201 3136 4254 narratur
3167 4183 3402 4255 :Cum
3447 4181 3678 4254 videns
3714 4173 3813 4248 ali-

881 4277 1173 4373 “quando
1218 4275 1288 4345 ’δι
1330 4297 1542 4344 coecus
1568 4325 1590 4360 ,
1622 4275 1743 4345 iter
1766 4269 1954 4345 fimul
1988 4270 2294 4345 facientes
2328 4325 2352 4361 ‚
2394 4272 2710 4348 veniffent
2753 4278 2836 4351 ad
2874 4277 3137 4354 afferem
3167 4280 3509 4374 putridum
3556 4328 3583 4366 ,
3614 4273 3815 4373 ponti-

736 4411 747 4419 ·
882 4378 1036 4449 ”culi
1070 4376 1217 4447 lo'co
1264 4368 1591 4465 profundo
1634 4373 1874 4467 gurgiti
1920 4368 2488 4466 superimpositum
2527 4402 2555 4456 ‚-
2623 4374 2730 4446 hic
2788 4397 3041 4450 coecum
3071 4428 3096 4465 ‚
3140 4376 3407 4472 pericu‘i
3460 4380 3764 4472 ignarum
3783 4419 3810 4457 ‚

876 4475 1181 4576 *jmpigfe
1206 4472 1286 4543 ’ἃ
1318 4468 1584 4544 fenest&
1633 4468 1935 4543 transsiffe
1973 4492 2000 4558 3
2040 4466 2296 4546 shaeslffe
2335 4496 2497 4546 vero
2530 4471 2861 4547 videntem
2879 4525 2917 4565 ⁴‚
2956 4479 3021 4551 &
3057 4474 3275 4571 fragili
3309 4478 3485 4573 ligno
3536 4473 3602 4548 se
3643 4492 3819 4547 com·

778 4633 785 4637 .
872 4576 1166 4696 erlnittere
1204 4566 1432 4644 ausum
1456 4583 1613 4644 'non
1640 4566 1857 4645 afnima.
2883 4570 2890 4578 '
3020 4613 3024 4618 .
3269 4593 3274 4598 ·
3645 4669 3822 4745 Eur,

4075 5 4091 521 ‘
