4188 5670
930 332 1072 411 155
1917 327 2046 402 -M
2111 310 2595 404 &carl
2656 326 2901 403 ‘r1‘o

951 552 960 559 ·
1124 514 1273 587 Hac
1318 501 1699 583 definitione
1734 546 1757 596 3
1810 504 1904 596 fi,
1940 507 2249 603 quicquid
2296 507 2380 581 de
2421 494 2660 581 atomis
2701 494 2867 583 mihi
2892 500 3232 604 cognitum
3272 486 3362 577 est
3389 546 3416 593 3
3469 492 3765 583 breviter
3801 502 3869 584 ἃ

940 608 1267 709 perspicue
1318 609 1834 705 comprehendi,
1873 607 2023 681 satis
2072 608 2236 680 mihi
2302 604 2641 680 videbitur
2675 607 2783 681 illa
2843 608 2924 680 ad
2975 609 3147 701 leges
3204 603 3408 678 bonae
3465 604 3871 682 definitionis
3962 616 3967 621 ’

943 715 1189 785 exacta.
1301 706 1367 780 Si
1403 730 1541 780 non
1583 703 1880 781 sufficere
1915 704 2038 780 tibi
2082 706 2340 779 videtur
2367 746 2391 793 ›
2420 701 2469 794 fi
2521 705 2709 799 plura
2746 706 2829 778 de
2862 709 3097 779 atomis
3138 700 3313 800 nqffc
3343 726 3609 799 cuperes
3633 735 3657 787 3
3685 706 3863 780 idem

944 824 1090 906 ego,
1122 807 1172 881 fi
1197 803 1437 901 poffem
1465 858 1487 891 ,
1515 824 1864 899 cuperem3
1908 805 2011 878 sed
2037 806 2189 899 quia
2224 806 2407 899 plura
2438 815 2571 876 non
2596 805 2888 893 invenie,
2926 806 2991 877 in
3013 807 3109 877 his
3138 822 3338 897 cogor
3362 804 3784 897 acquiescere.
3972 811 3977 814 ’

1133 906 1309 981 ·ΧΧ
1336 904 1407 974 V
1433 904 1484 977 Ι.
1565 906 1793 978 Unum
1839 905 1999 977 mihi
2051 907 2286 977 videtis
2324 916 2730 997 concoquere
2772 929 2909 976 non
2932 900 3124 998 pofl'e.
3194 900 3379 990 Qid
3403 953 3431 989 ‚
3485 904 3579 974 ais
3603 954 3626 989 ,
3660 900 3870 975 atomi

941 1029 1078 1079 non
1128 1004 1276 1079 sunt
1314 1001 1599 1076 extensae
1631 1049 1651 1076 ‚
1710 1006 1775 1076 &
1823 1024 2046 1076 tamen
2086 1016 2181 1076 επ
2232 1004 2468 1076 atomis
2512 1004 2736 1075 omnia
2797 1002 3090 1075 constant
3137 996 3399 1073 extensa
3432 1006 3466 1065 ἓ
3522 1004 3869 1095 quomodo

940 1107 1086 1178 haec
1109 1100 1524 1177 cohaerent?
1579 1101 1919 1198 quomodo
1967 1127 2051 1176 ex
2127 1099 2424 1196 pluribus
2483 1122 2619 1173 non
2674 1099 2955 1173 extensis
3026 1098 3189 1175 fieri
3247 1097 3463 1194 potest
3497 1099 3861 1172 extensum:

942 1203 1304 1277 Enimvero
1343 1194 1393 1271 fi
1431 1223 1657 1296 capere
1698 1225 1836 1274 non
1887 1220 2074 1296 potes
2103 1250 2128 1287 ,
2178 1199 2521 1294 quomodo
2570 1222 2654 1271 ex
2708 1197 2974 1273 duobus
2994 1249 3018 1286 ,
3055 1196 3266 1271 tribus
3290 1246 3315 1283 ,
3362 1217 3631 1270 centum
3655 1249 3679 1286 ,
3748 1200 3865 1271 &a

943 1322 1063 1375 aut
1115 1303 1241 1374 alio
1283 1323 1679 1393 quocunque
1729 1324 2008 1373 numero
2056 1295 2331 1372 definito
2383 1318 2763 1371 atomorum
2810 1324 2951 1371 non
2999 1294 3449 1382 extensarum,
3500 1294 3647 1369 fieri
3677 1293 3869 1392 poffit

947 1398 1293 1473 extensum
1316 1447 1342 1484 ,
1371 1400 1641 1472 minime
1669 1401 1868 1472 miror
1894 1451 1916 1486 ,
1953 1422 2166 1493 neque
2191 1422 2314 1492 ego
2335 1396 2402 1469 id
2429 1399 2640 1490 capi0,
2670 1398 2853 1492 quod
2877 1399 3070 1492 plane
3095 1396 3237 1490 capi
3259 1419 3395 1467 non
3417 1395 3650 1488 potest.
3688 1395 3869 1487 Qid

953 1499 1129 1571 enim
1164 1518 1426 1590 corpus,
1454 1498 1611 1592 quid
1635 1497 1976 1571 extensum
2000 1497 2090 1571 est
2112 1495 2144 1568 ?
2173 1503 2485 1592 Congeries
2510 1512 2849 1570 atomorum
2869 1522 2986 1569 non
3012 1495 3283 1567 duarum
3304 1544 3328 1580 ,
3359 1502 3578 1581 trium,
3608 1515 3870 1580 centum,
3902 1530 3909 1535 ·

959 1594 1103 1683 &a
1118 1596 1236 1688 de
1258 1593 1730 1690 indefinitarum.
1782 1596 1936 1688 Jam
1960 1598 2300 1689 concipere
2322 1594 2528 1679 velle,
2558 1595 2900 1688 quomodo
2919 1620 3002 1667 ex
3024 1590 3297 1667 definito
3323 1616 3601 1664 numero
3622 1615 3876 1667 atomo·

957 1718 1111 1766 rum
1139 1746 1162 1781 ‚
1197 1692 1733 1789 quantuscunque
1763 1692 1881 1781 fit,
1930 1692 2073 1768 fieri
2099 1689 2298 1789 poffit
2346 1690 2685 1765 extensum
2722 1747 2749 1784 ,
2796 1695 2838 1764 i.
2899 1719 2958 1765 e.
3011 1693 3337 1786 congeries
3384 1688 3875 1766 iudei-‘mitorum

961 1800 1340 1865 atoniorum
1373 1838 1400 1877 ‚
1457 1792 1548 1865 est
1605 1794 2033 1888 repugnantia
2075 1794 2412 1889 concipere
2451 1791 2636 1864 velle.
2682 1826 2701 1838 r
2748 1791 2956 1882 Qod
2990 1788 3043 1864 fi
3091 1800 3304 1886 neque
3362 1816 3503 1886 ego·
3538 1817 3753 1887 neque
3806 1810 3877 1864 tu

958 1888 1295 1984 possumus
1321 1940 1344 1977 ,
1371 1912 1510 1963 non
1556 1892 1646 1965 est
1666 1942 1690 1979 ‚
1736 1892 1916 1986 quod
1945 1894 2297 1966 miremur.-

1156 1991 1223 2063 Si
1266 2014 1426 2062 vero
1471 1990 1625 2063 dicis
1648 2042 1676 2079 ‚
1744 2011 1812 2065 te
1846 2017 1930 2063 ne
1979 1992 2250 2087 quidem
2297 2014 2524 2087 capere
2572 1987 2746 2085 posse
2770 2039 2796 2077 ‚
2843 1988 3185 2084 quomodo
3243 2013 3328 2061 ex
3370 1986 3715 2063 indefinito
3761 2014 3873 2061 nu-

961 2106 1149 2161 mero
1200 2113 1349 2185 non
1382 2087 1802 2164 extensorum
1836 2087 1979 2163 fieri
2039 2086 2241 2186 possit
2285 2087 2626 2164 extensum
2668 2117 2690 2171 3
2738 2109 2856 2163 aut
2907 2091 3005 2163 vis
3027 2140 3052 2178 ,
3092 2091 3240 2162 haec
3290 2089 3550 2182 prorsus
3588 2090 3759 2161 inter
3809 2086 3868 2161 sc

958 2211 1258 2281 pugnare
1277 2214 1301 2268 3
1347 2198 1464 2260 aut
1518 2208 1779 2262 tanturn
1835 2192 1938 2263 vis
1966 2241 1991 2277 ,
2044 2210 2113 2263 te
2159 2188 2481 2264 indefiniti
2522 2189 2783 2263 numeri
2831 2188 3351 2284 magnitudinem
3397 2214 3533 2265 non
3584 2212 3865 2283 compre·

957 2285 1261 2358 bendere.
1342 2288 1410 2360 Si
1453 2289 1630 2383 prius
1671 2338 1696 2375 ,
1750 2313 1922 2360 erras
1963 2290 2427 2362 vehementer:
2485 2312 2637 2361 cum
2690 2290 2866 2361 enim
2903 2289 3061 2359 dicis
3087 2338 3111 2375 ‚
3174 2312 3386 2381 neque
3447 2310 3531 2381 ex
3583 2285 3870 2360 indefini-
3960 2380 3965 2385 .

957 2385 1042 2456 tis
1068 2432 1093 2472 ‚
1140 2398 1426 2478 quorum
1464 2385 1805 2481 quodlibet
1845 2410 1981 2458 non
2021 2386 2113 2458 est
2162 2385 2503 2459 extensum
2528 2436 2554 2475 ,
2585 2383 2729 2459 fieri
2757 2385 2968 2482 potest
3008 2386 3397 2468 extensum3
3436 2386 3702 2482 perinde
3745 2385 3865 2470 est,

957 2507 1038 2555 ac
1079 2480 1131 2555 fi
1170 2484 1411 2558 diceres
1455 2512 1474 2557 z
1529 2509 1613 2558 ex
1646 2482 1997 2558 indefinitis
2037 2481 2236 2557 rebus
2264 2494 2288 2573 ',
2334 2510 2617 2579 quarum
2658 2482 2974 2580 quaelibet
3037 2510 3174 2557 non
3240 2484 3336 2556 est
3398 2488 3730 2580 congeries
3773 2509 3863 2557 re-

962 2607 1114 2655 rum
1152 2582 1638 2658 indefinitarum
1664 2635 1687 2670 ,
1721 2608 1859 2657 non
1889 2583 2103 2679 potest
2146 2582 2290 2660 fieri
2315 2584 2645 2679 congeries
2668 2608 2887 2655 terum
2915 2580 3403 2656 indefinitarum
3434 2612 3456 2664 3
3511 2585 3693 2678 quod
3732 2608 3869 2678 per-

901 2699 909 2706 ·
957 2707 1165 2775 quam
1209 2680 1564 2756 absurdum
1618 2674 1787 2756 efflet.
1867 2667 2055 2756 Idem
2092 2686 2269 2756 enim
2312 2682 2462 2757 effet
2486 2734 2510 2770 ,
2554 2706 2631 2755 ac
2676 2679 2730 2753 fi
2764 2683 2906 2774 quis
2950 2682 3234 2768 diceret,
3278 2707 3362 2754 ex
3404 2704 3676 2756 centum
3720 2682 3867 2776 lapi-

953 2778 1153 2852 dibus
1175 2830 1200 2868 ,
1259 2804 1549 2876 quorum
1604 2780 1882 2879 quilibet
1930 2796 2072 2858 non
2129 2781 2221 2858 est
2262 2806 2532 2859 acervus
2579 2792 2848 2856 centum
2889 2781 3178 2876 lapidum
3206 2822 3229 2869 ,
3280 2806 3423 2858 non·
3464 2779 3609 2858 fieri
3674 2777 3879 2876 potest

961 2895 1233 2972 acervus
1277 2899 1544 2954 centum
1592 2883 1905 2976 lapidum.

1159 2975 1233 3047 X
1258 2977 1331 3049 X
1364 2979 1432 3048 V
1461 2980 1569 3051 ΙΙ.
1650 2981 1783 3052 Hic
1831 3003 1991 3051 vero
2030 3003 2158 3074 ego
2195 2980 2353 3051 nihil
2405 2982 2612 3073 magis
2655 2999 2885 3052 metuo
2918 3029 2943 3066 ,
3012 3004 3217 3072 quam
3264 3004 3346 3052 ne
3386 2978 3557 3056 forte
3611 2999 3861 3055 atomos

959 3069 1299 3167 imaginari
1342 3076 1519 3147 velis.
1602 3076 1810 3167 Qod
1858 3072 1908 3146 fi
1945 3077 2129 3150 enim
2165 3098 2426 3149 atomos
2447 3079 2787 3171 imaginari
2813 3078 2958 3159 vis3
3004 3077 3175 3151 ilicet
3202 3129 3226 3166 ,
3258 3082 3481 3152 actum
3513 3079 3651 3168 est,
3678 3074 3881 3174 cauffa

959 3175 1331 3247 cecidimus.
1413 3175 1686 3270 Propter
1729 3175 2125 3269 parvitatem
2169 3215 2193 3261 3
2242 3171 2651 3266 millesimam
2696 3195 2953 3270 partem
3025 3178 3222 3269 hujus
3272 3177 3610 3272 pulvisculi
3666 3177 3885 3272 imagi-

879 3352 886 3358 ·
957 3276 1100 3346 nari
1148 3296 1284 3345 non
1333 3270 1665 3368 poffumus
1712 3275 1835 3370 (&
1893 3274 2039 3356 haec
2088 3290 2314 3346 tamen
2341 3291 2723 3348 atomorum
2760 3275 3335 3348 innumerabilium
3360 3279 3686 3372 congeries
3718 3275 3871 3367 est)

953 3397 1091 3464 qua
1151 3374 1350 3469 igitur
1433 3374 1685 3447 ratione
1743 3394 2003 3446 atomos
2061 3371 2499 3466 poterimus?
2579 3374 2759 3468 Ergo
2816 3376 2930 3468 qui
3015 3394 3275 3446 atomos
3344 3378 3681 3470 imaginari
3749 3398 3871 3446 vo-

959 3469 1104 3545 lunt
1141 3524 1165 3560 ‚
1215 3469 1718 3546 innumerabiles
1765 3473 1918 3546 loco
1969 3472 2166 3544 unius
2219 3474 2679 3571 imaginantur.
2836 3474 2925 3547 Et
2979 3474 3128 3544 hinc
3162 3473 3253 3545 est
3284 3524 3308 3561 ,
3363 3475 3541 3568 quod
3586 3475 3659 3546 in
3711 3473 3887 3555 mille

961 3565 1392 3644 absurditates
1434 3572 1739 3644 incidant.
1868 3572 2001 3645 Hic
2055 3569 2340 3668 figuram
2398 3591 2781 3647 atomorum
2821 3571 3213 3663 imaginatur
3242 3623 3265 3659 ‚
3340 3574 3448 3645 ille
3497 3572 3886 3669 magnitud}
3974 3641 3981 3660 ἱ

951 3676 1118 3739 nem
1160 3698 1183 3751 3
1234 3667 1395 3742 alius
1433 3687 1650 3765 partes
1700 3672 1770 3742 in
1820 3689 2060 3744 atomo
2100 3672 2551 3765 imaginatur,
2599 3673 2664 3743 &
2704 3722 2724 3756 ‚
2779 3693 2931 3741 oum
2976 3670 3122 3742 haec
3169 3673 3380 3765 tangit
3430 3697 3707 3766 corpus,
3734 3695 3880 3765 par-

956 3785 1026 3837 te
1066 3764 1159 3838 sui
1193 3777 1458 3864 tangere
1500 3770 1646 3840 vult
1669 3817 1693 3853 ‚
1750 3787 1934 3859 parte
1970 3792 2111 3840 non
2154 3787 2420 3863 tangere
2437 3798 2464 3852 3
2520 3768 2853 3864 distinguit
2901 3787 3169 3863 partem·
3223 3770 3360 3864 ejus
3414 3767 3746 3844 borealem
3803 3765 3897 3842 ab

957 3863 1212 3936 australi
1237 3917 1262 3954 ,
1328 3864 1800 3940 occidentalem
1853 3864 1942 3937 ab
1997 3867 2318 3938 orientali.
2437 3868 2523 3939 Et
2550 3918 2574 3955 ,
2627 3869 2741 3960 qui
2801 3889 2938 3940 non
2984 3864 3103 3939 nifi
3147 3866 3424 3943 diversas
3484 3873 3678 3942 unius
3723 3865 3885 3962 ejus·

945 3961 1237 4062 demque
1269 3968 1363 4036 rei
1412 3960 1711 4056 fimpiicis
1757 3962 2104 4035 relationes
2147 3962 2533 4059 distinguere
2588 3963 2874 4039 debebat
2904 4017 2928 4054 ,
2974 3965 3255 4041 totidem
3296 3988 3514 4062 partes
3551 3967 3617 4041 se
3666 3970 3739 4039 in
3780 3967 3893 4038 illa

949 4060 1378 4151 contemplari
1417 4061 1802 4133 existimant.
1883 4064 2115 4150 Quare
2158 4062 2301 4134 haec
2356 4066 2578 4138 omnia
2608 4062 2645 4139 ἲ
2691 4068 2845 4162 quia
2877 4069 3277 4159 imaginatur
3319 4117 3343 4154 ,
3404 4066 3585 4160 quod
3656 4066 3884 4160 imagi-

949 4159 1093 4230 nari
1135 4182 1333 4229 nemo
1377 4157 1590 4252 potest
1611 4209 1635 4246 ‚
1681 4154 1844 4254 quia‘
1883 4175 2122 4255 corpus
2168 4162 2561 4257 imaginatur
2614 4165 2765 4240 loco
2811 4170 3057 4245 atomi3
3102 4161 3452 4262 t‘ndffnitas
3497 4166 3646 4238 loco
3680 4170 3878 4236 unim-

949 4257 1335 4329 Coercenda
1386 4259 1583 4353 igitur
1623 4258 1728 4331 hic
1774 4258 1865 4332 est
1895 4261 2276 4355 imaginatio
2319 4262 2537 4354 nostra
2570 4264 2742 4337 intra
2794 4264 3029 4338 limites
3076 4261 3272 4346 suos3
3319 4289 3399 4337 ac
3444 4262 3811 4337 tenendum
3861 4311 3889 4350 ,

940 4365 1093 4427 'non
1145 4357 1360 4428 minus
1392 4359 1693 4453 ineptum
1745 4357 1863 4432 effe
1910 4411 1935 4448 ,
2007 4379 2276 4433 atomos
2299 4362 2637 4455 imaginari
2688 4363 2899 4452 velle,
2946 4385 3149 4458 quam
3192 4358 3469 4457 spiritus.
3580 4363 3884 4456 Utraque

947 4457 1128 4527 enim
1183 4455 1559 4530 e'xtenlione
1582 4508 1606 4545 ‚
1653 4483 1806 4557 quae
1857 4458 1987 4532 sola
2025 4458 2148 4532 'sub
2193 4460 2734 4555 imaginationem
2776 4462 2947 4534 cadit
2972 4512 2997 4549 ,
3058 4460 3515 4535 destituuntur.

1061 4581 1102 4600 ’²
1143 4553 1313 4627 XX
1340 4555 1598 4629 VIII.
1664 4559 1731 4629 Si
1776 4557 2054 4652 denique
2096 4558 2254 4652 dicis
2312 4608 2336 4645 ‚
2396 4579 2462 4630 te
2512 4556 2925 4631 indefinitum
2973 4562 3150 4634 hunc
3202 4581 3586 4633 atomorum
3646 4579 3899 4630 nume·-

820 4708 823 4711 -
944 4680 1151 4742 rum,
1187 4657 1305 4749 qui
1358 4680 1596 4751 corpus
1644 4655 1992 4731 constituat
2020 4709 2043 4745 ,
2088 4657 2637 4753 comprehendere
2677 4682 2812 4731 non
2848 4656 3082 4754 polle-3
3130 4660 3356 4734 venisti
3386 4658 3694 4743 tandem,
3732 4681 3875 4749 quo
3960 4723 3965 4727 .

937 4757 1010 4827 'te
1059 4751 1390 4830 volebam.
1501 4756 1621 4849 ,Ita
1674 4754 1764 4829 est
1821 4782 1845 4828 ε
1889 4781 2041 4866 eum
2092 4755 2638 4853 comprehendere
2689 4781 2827 4832 non
2881 4753 3239 4858 pofl'umus.
3331 4755 3703 4836 Nobiscmn
3752 4750 3875 4849 ipsi
