4188 5670
1060 341 1261 416 Pno
1351 320 2067 455 Etcum-num».
2166 332 2435 411 Dei·
2704 388 2797 407 -.
3039 359 3185 433 207

261 534 484 633 pedem
548 527 783 604 referre
827 528 894 601 &
929 524 1237 614 damnate
1280 516 1490 595 thefin
1524 515 1702 591 suam
1733 546 1756 600 3
1806 517 2190 592 diverticula
2224 519 2466 611 quaerit
2502 566 2525 605 ‚
2574 515 2780 591 verba
2824 521 2890 591 &
2915 519 3178 613 loquen-

258 639 322 711 di
372 633 605 707 modos
654 627 920 719 usurpat
946 676 969 710 ‚
1011 645 1315 714 >quotum
1369 617 1621 692 sensum
1666 617 1911 688 clarum
1944 620 2010 688 &
2040 617 2413 694 distinctum
2447 613 2797 689 difficulter
2828 620 3165 706 invenias,
3266 672 3273 680 .

261 731 460 823 iisque
503 726 720 802 verbis
773 721 1073 798 tenebras
1121 722 1341 817 potius
1390 718 1684 790 materiae
1725 709 2011 787 offundit
2035 766 2059 802 ‚
2113 740 2312 808 quam
2361 715 2575 787 lucem
2620 712 2824 789 affert.
2960 719 3170 792 Sentit:

259 832 533 922 denique
562 877 585 914 ‚
624 824 687 896 se
732 823 831 896 his
873 819 1195 903 omnibus
1220 817 1451 891 1εὲὶοιί
1487 815 1690 888 cuivis
1728 838 1864 884 non
1895 811 2367 887 satisfaeturum
2401 838 2420 883 ε
2476 838 2672 909 quate
2696 814 2960 886 tandem
3011 839 3164 887 om-

258 930 359 1000 nia
406 929 486 999 de
541 927 662 996 hac
700 922 973 994 materia
1017 921 1190 992 dieta
1249 911 1591 989 artificiose
1630 914 1723 984 ita
1762 911 2092 984 concludit
2115 963 2140 999 ,
2171 931 2289 1000 ut,
2323 909 2374 984 fi
2418 912 2523 983 illa
2573 937 2711 983 non
2756 915 3006 1007 capiam,
3035 914 3161 985 tibi

258 1027 476 1121 potius
515 1026 580 1096 &
618 1042 754 1107 tuae
793 1019 1176 1090 hebetudini
1213 1015 1282 1091 id
1321 1017 1601 1107 imputes
1635 1061 1659 1098 ‚
1741 1034 1942 1102 quam
1987 1033 2379 1105 argumento
2435 1006 2706 1083 Cartefii
2728 1059 2752 1096 ,
2827 1031 2943 1083 aut
2990 1011 3109 1102 illis
3130 1062 3155 1097 ,

261 1150 413 1218 quae
439 1122 522 1195 ad
547 1122 673 1192 hoc
704 1115 1152 1190 roborandum
1178 1110 1264 1186 ab
1299 1110 1436 1207 ipso
1474 1105 1856 1181 affetuntut.
1936 1107 2237 1207 Judicem
2280 1112 2472 1202 hujus
2515 1109 2608 1181 rei
2653 1110 2907 1202 appello
2936 1131 3192 1203 quemae

258 1221 425 1296 libet
463 1239 790 1293 attentum
815 1217 1216 1309 paginarum
1254 1211 1292 1280 a
1327 1232 1432 1280 me
1470 1210 1814 1280 citatarum
1858 1206 2168 1279 lestorem
2211 1236 2231 1277 .-
2274 1205 2324 1280 fi
2371 1210 2572 1279 modo
2618 1208 2917 1280 nondum
2955 1205 3020 1295 se,
3073 1209 3166 1282 ita

255 1322 432 1411 parti
488 1318 680 1390 alicui
710 1314 975 1393 :addixit
1002 1364 1027 1403 ‚
1080 1334 1159 1386 ut
1211 1333 1314 1389 eas
1371 1304 1507 1379 fine
1556 1303 1936 1400 praejudicio
1992 1306 2270 1400 amplius
2321 1306 2531 1401 legere
2571 1323 2869 1402 nequeat.
3021 1306 3165 1400 Ego

256 1417 626 1514 speciminis
666 1415 816 1488 loco
864 1436 1078 1507 pauca
1128 1425 1394 1511 tantum
1423 1426 1610 1483 noto.
1954 1479 1958 1484 ,

459 1566 572 1640 Ne
619 1564 761 1659 quis
799 1558 988 1634 simili
1036 1558 1431 1656 argumento
1467 1550 1707 1651 probet
1751 1551 2157 1629 existentiam
2192 1566 2334 1657 equi
2380 1559 2538 1631 alati
2577 1608 2602 1646 ‚
2660 1573 2910 1654 emporis
2948 1570 3166 1664 perfec.

259 1662 478 1753 tiffi'mi
501 1716 525 1751 ‚
572 1681 687 1736 aut
724 1658 1069 1755 cujuslibet
1098 1660 1235 1745 rei,
1302 1682 1456 1750 quae
1518 1656 1589 1726 in
1632 1671 1935 1727 mentem
1982 1653 2176 1728 nobis
2226 1658 2449 1728 venire
2489 1658 2699 1749 potest
2722 1712 2744 1747 ,
2794 1688 3031 1757 magna
3071 1667 3168 1739 so-

258 1761 595 1841 licitudine
638 1779 912 1834 conatur
961 1756 1386 1850 Philosophus
1429 1753 1641 1826 Ideam
1684 1758 1807 1827 Dei
1835 1748 1928 1823 ab
1982 1752 2123 1825 aliis
2159 1754 2320 1825 Ideis
2360 1753 2789 1849 distinguere3
2830 1766 3006 1855 quod
3038 1789 3169 1837 001·-

257 1879 324 1932 te
373 1861 463 1933 ad
510 1885 654 1945 rem
694 1883 829 1931 non
865 1853 1182 1939 faciebat:
1235 1856 1338 1943 de„
1367 1847 1679 1925 omnibus
1721 1850 1899 1923 enim
1931 1844 2098 1920 Ideis
2147 1849 2701 1925 indiscriminatim
2760 1882 2991 1933 verum
3028 1862 3167 1952 est,

257 1976 338 2037 ut
374 1960 518 2050 jam
568 1957 983 2041 audivimuS,
1026 1949 1495 2027 affirmandum
1526 1944 1646 2019 effe
1696 1945 1779 2018 de
1808 1970 2038 2017 earum
2093 1947 2365 2040 objectis
2394 2000 2418 2035 ,
2471 1951 2775 2046 quicquid
2818 1957 2886 2026 in
2937 1961 3172 2035 harum

256 2056 436 2136 Ideis
491 2057 909 2134 contineant,-
954 2040 1331 2142 existentiam
1365 2043 1746 2147 neceffinjiam
1763 2094 1785 2124 .
1843 2052 1980 2118 aut·
2015 2055 2452 2144 contingentem
2504 2100 2528 2136 ‚
2572 2071 2773 2144 prout
2817 2077 2933 2131 aut
2984 2060 3174 2153 neces:

191 2197 196 2200 ·
248 2153 445 2245 saria
479 2171 597 2225 aut
627 2157 961 2246 contingens
998 2152 1068 2219 in
1108 2171 1338 2219 eorum
1381 2147 1551 2219 Ideis
1580 2143 1912 2238 repetitur.

468 2301 836 2374 Audiamus
871 2322 1111 2375 ⁴tamen
1131 2347 1160 2385 ‚
1200 2294 1360 2389 quid
1402 2290 1558 2371 Idea
1610 2293 1764 2378 Dei,
1812 2291 2030 2385 judice
2064 2289 2356 2370 Cartesio
2384 2349 2409 2387 ‚
2448 2318 2599 2393 pree
2645 2305 2894 2377 caetetis
2940 2301 3181 2379 habeat

267 2399 618 2486 eximium.
684 2399 846 2470 Idea.
871 2405 1027 2483 Dei,
1078 2397 1319 2488 inquit,
1363 2397 1630 2485 continet
1672 2408 1965 2464 naturam
2007 2420 2225 2467 veram
2275 2395 2367 2484 δέ)
2420 2402 2870 2485 immutabilem
2914 2429 2932 2472 ι
2980 2405 3182 2476 talem

272 2498 586 2573 videlicet
644 2522 783 2569 non
845 2498 1140 2569 continet
1204 2515 1418 2585 neque
1472 2513 1662 2587 equus
1713 2490 1932 2561 alatus>
1964 2540 1988 2575 ‚
2046 2517 2258 2585 neque
2337 2495 2535 2569 etiam
2584 2521 2787 2590 corpus
2843 2502 3183 2593 perfeffi‘iffi'.

270 2623 467 2672 mum.
547 2596 682 2668 Hae
740 2620 932 2667 voces
950 2644 975 2682 ‚
1031 2614 1265 2665 natura
1308 2613 1462 2660 vera
1507 2589 1573 2659 &
1613 2588 2015 2659 immutabilis
2041 2638 2065 2673 ‚
2116 2590 2328 2662 nescio
2377 2594 2534 2687 quid
2554 2596 2673 2676 zhic
2711 2592 3067 2689 significare
3092 2600 3208 2670 vi-.

279 2696 570 2775 dentum
617 2693 725 2765 sed
753 2694 910 2765 nihil
957 2689 1136 2764 aliud
1183 2705 1418 2759 notant
1441 2734 1466 2770 ,
1525 2708 1727 2776 quam
1776 2702 2087 2756 naturam
2123 2688 2324 2761 talem
2372 2738 2398 2775 ‚
2446 2691 2648 2781 qualis
2684 2693 2774 2764 est
2820 2697 3115 2791 trianguli
3155 2746 3182 2783 ‚

278 2793 576 2893 quadrati
625 2787 922 2888 (addere
969 2783 1273 2885 potuisset
1314 2779 1599 2876 figuram
1633 2780 1856 2851 decem
1886 2830 1910 2869 ‚
1978 2800 2242 2874 centum
2273 2832 2298 2871 ‚
2348 2785 2524 2859 mille
2575 2792 2963 2960 anfulorum
3003 2796 3187 2869 &ita

277 2893 348 2972 in
404 2888 791 2982 infinitum)
846 2886 982 2965 five
1036 2882 1167 2963 fint
1207 2884 1541 2960 irrterum
1599 2897 1832 2954 natura
1900 2874 2038 2951 five
2076 2905 2208 2952 nen
2255 2878 2404 2956 fint.
2496 2889 2637 2976 Qi
2708 2889 2741 2960 ἲ
2795 2916 2880 2964 an
2946 2894 3187 2968 horum

282 2992 587 3061 omnium
638 3008 872 3061 natura
929 2989 1022 3059 ita
1082 2982 1174 3055 est
1213 2973 1695 3063 immutabilis,
1749 2993 1824 3048 ut
1872 2977 2032 3048 nulli
2081 2979 2323 3053 horum
2373 2985 2477 3055 vel
2531 3011 2741 3061 unum
2795 2991 2961 3064 latus
3006 3043 3030 3080 ‚
3080 2994 3191 3065 vel

281 3112 501 3160 unum
548 3089 863 3182 angulum
921 3082 1172 3182 auferte
1227 3073 1526 3182 poffim?
1573 3074 1740 3148 Non
1775 3095 1963 3168 potes
1989 3126 2014 3163 ,
2062 3076 2313 3173 inquiet
2333 3131 2358 3168 ,
2402 3080 2521 3155 nifi
2557 3087 2716 3158 velis
2754 3108 3047 3162 naturam
3102 3117 3193 3161 eo-

281 3209 436 3258 rum
490 3186 793 3278 destruere.
887 3179 1013 3256 Sed
1047 3183 1144 3251 ita
1202 3201 1390 3275 equus
1438 3197 1665 3267 quoq3
1712 3172 1917 3246 alatus
1940 3225 1963 3260 ‚
2024 3176 2090 3246 &
2138 3199 2345 3269 corpus
2394 3184 2881 3275 perfteliffi'mmn
2947 3184 3196 3258 habent

285 3299 571 3357 naturas*
597 3280 1013 3355 immutabiles
1032 3307 1053 3346 .-
1099 3272 1160 3362 si⁴
1198 3275 1375 3344 enim
1418 3294 1592 3362 equo
1638 3269 1812 3341 alato
1861 3270 2185 3342 abscindis
2236 3275 2375 3345 alas.
2400 3323 2422 3355 ‚
2463 3302 2652 3370 aeque
2698 3282 2969 3353 destruis
3009 3301 3195 3353 natu-

279 3408 426 3455 ram
475 3389 619 3494 equi
666 3384 860 3466 alati,
888 3402 968 3452 ac
1008 3371 1277 3447 destruis
1316 3387 1604 3442 naturam
1658 3366 1962 3462 chiliogoni
1988 3418 2011 3452 ,
2080 3364 2131 3437 fi
2171 3395 2370 3463 quem
2431 3377 2745 3470 angulum
2785 3379 2874 3450 illi
2908 3379 3136 3451 adimis
3170 3371 3227 3450 ‘.·'

280 3478 344 3553 st
395 3478 579 3552 tollis
613 3475 654 3547 ὲ
692 3501 920 3570 corpore
967 3466 1378 3570 perfeflffmo
1417 3516 1443 3554 ‚
1500 3465 1607 3535 vel
1651 3487 1854 3534 unam
1917 3462 2387 3558 perfectionem
2431 3519 2458 3556 ,
2520 3498 2660 3571 quae
2719 3482 2786 3545 in
2829 3477 3031 3548 ullum
3073 3505 3199 3552 cor..

277 3605 398 3672 pus
447 3568 671 3651 cadere
715 3580 889 3669 potest
910 3625 934 3662 ‚
975 3595 1115 3645 non
1160 3569 1377 3641 minus
1419 3561 1655 3638 evertis
1696 3579 2000 3635 naturam
2048 3572 2298 3675 corporis
2331 3569 2734 3660 perfiditffimi
2752 3623 2776 3661 ‚
2806 3600 3005 3667 quam
3026 3627 3045 3661 ‚
3081 3579 3231 3661 tol->

289 3677 498 3757 leudo
553 3670 1018 3767 perfectionem
1043 3721 1066 3758 ,
1117 3691 1255 3769 qua
1298 3670 1365 3737 in
1428 3688 1530 3736 ens
1577 3658 1799 3775 cadit-*3
1883 3679 2120 3734 evertis
2162 3681 2463 3738 naturam
2513 3675 2689 3741 Entis
2744 3670 3200 3766 perfeetiffimi.

291 3775 637 3848 Omnium
694 3795 957 3860 retum,
994 3771 1076 3842 de
1113 3761 1605 3862 quibuscunque
1655 3775 1938 3853 cogitate
1973 3758 2308 3855 poflumus
2327 3816 2354 3855 ,
2378 3765 2655 3843 'naturae
2683 3771 2813 3846 hoc
2852 3769 3035 3846 sensu
3064 3772 3211 3854 sunt

291 3868 763 3958 immutabiles.

499 4009 625 4082 Sed
651 4062 674 4100 ,
717 4008 934 4104 inquit
977 3992 1302 4081 Carteflus
1315 4046 1350 4087 .,
1389 4020 1530 4072 cum
1565 4006 1753 4096 cogito
1802 4022 2029 4098 equum
2074 4005 2318 4080 alatum
2369 3999 2488 4080 &e
2538 4009 2734 4106 fhcile
2767 4018 3021 4112 intelligo
3048 4064 3072 4100 ‚
3123 4041 3222 4090 me
3291 4017 3296 4023 ’
3375 3999 3381 4012 ’

295 4117 503 4188 etiam
557 4135 635 4182 ex
682 4106 939 4197 adversi>
965 4102 1118 4201 pff?
1164 4108 1421 4196 cogitare
1467 4121 1694 4195 equum
1738 4124 1855 4174 non
1902 4100 2144 4174 alatum
2180 4106 2301 4176 &a
2348 4131 2454 4180 nec
2497 4111 2746 4201 proinde
2793 4118 2969 4189 illum
3010 4137 3225 4185 veram

301 4207 398 4296 ἓξ
471 4207 913 4284 immutabilem
974 4222 1265 4279 naturam
1311 4194 1526 4268 habere
1573 4222 1608 4306 :-
1631 4192 1698 4284 fi
1728 4220 1873 4268 vero
1924 4206 2111 4293 cogito
2151 4205 2530 4299 triangulum
2576 4211 2696 4280 &c.
2800 4254 2815 4263 -
2831 4212 2970 4286 Ubi
3015 4208 3230 4282 Philo.

299 4305 549 4397 sophus
600 4305 809 4399 decipi
864 4299 1126 4375 videtur
1171 4305 1241 4369 re
1295 4289 1443 4365 sane
1482 4292 1612 4368 levi
1635 4342 1660 4377 ‚
1708 4293 1846 4363 imo
1879 4289 2138 4369 ludicra
2173 4324 2195 4369 z
2269 4301 2451 4394 quod
2515 4301 2748 4378 stilic-et
2792 4334 2930 4383 uno
3000 4313 3237 4378 nomine
3358 4332 3365 4340 ·

299 4403 609 4498 trianguli
652 4420 963 4478 naturam
988 4448 1013 4486 ,
1066 4401 1207 4497 equi
1239 4392 1394 4466 alati
1446 4385 1712 4462 duobus
1733 4385 2183 4483 significemus.

511 4541 939 4654 Appenen'rms
990 4555 1170 4627 enim
1220 4543 1595 4641 triangulum
1641 4539 1904 4618 duobus
1976 4545 2358 4623 nominibus
2401 4549 2674 4644 figuram
2718 4542 3159 4638 triangularem
3212 4556 3236 4623 ,“

311 4667 385 4741 3:
448 4681 676 4763 equum
719 4656 960 4731 alatum
1010 4673 1152 4726 uno
1200 4644 1468 4720 n'omine
1512 4636 1823 4760 Pegasum.
1903 4646 2194 4814 DAgnon
2246 4648 2482 4722 eodem
2520 4642 2732 4719 modo
2770 4635 3283 4803 aliqcffiagtae-

373 4769 388 4778 ’
440 4787 448 4795 ’
541 4771 552 4778 ’
1792 4770 1800 4777 ’
1891 4785 1896 4792 ’
2114 4762 2165 4821 2
2396 4825 2403 4832 .
3148 4826 3164 4840 ,
3226 4782 3260 4830 2
