4188 5670
991 341 1125 414 134
1805 314 2539 410 anxutnus
2641 314 3089 392 Muunr

978 471 1244 544 Idemne
1279 492 1440 539 vero
1475 468 1554 541 de
1587 465 1970 565 corporibus
2021 490 2381 562 eorumque
2421 464 2783 564 praesertim
2824 464 3272 564 magnitudine
3305 462 3336 555 J
3384 464 3468 541 de
3507 486 3643 563 qna
3692 465 3875 546 nuni

980 570 1229 661 agimus
1260 617 1282 653 ‚
1336 563 1736 659 dici‘poffit,
1784 564 2163 658 subdubito.
2970 661 2973 664 Ἴ
3108 603 3121 612 =

1173 667 1324 737 Phil.
1407 664 1624 737 Immo
1650 664 1950 740 dubitare
1989 660 2205 758 desine
2224 690 2249 745 ,-
2287 662 2541 736 infinita
2566 690 2729 759 pene
2765 661 2912 739 sunt
2940 715 2964 751 ‚
3003 657 3334 760 quae‘non
3383 665 3867 759 imaginamur-3·

935 767 944 774 “
985 763 1378 855 concipimus
1425 782 1664 833 tamen.
1740 764 1940 846 HuC,
1985 781 2061 834 ut
2093 761 2591 853 praetermittam
2643 764 2763 834 alia
2808 814 2833 850 ‚
2902 762 3229 838 referenda
3265 762 3413 835 sunt
3451 765 3679 840 omnia
3736 765 3879 854 uni-

983 860 1300 947 versalia,
1353 884 1571 931 rerum
1607 858 1892 932 effentiae'
1932 883 2157 930 omnes
2181 908 2206 944 ,
2255 859 2592 952 ipsumque
2634 861 2796 931 ad'eo
2830 886 3062 954 corpus
3109 863 3178 930 in
3223 886 3455 953 genere
3497 863 3559 934 &
3587 862 3731 952 ejus
3779 856 3868 931 es-

982 955 1225 1036 sentia3
1281 956 1619 1051 singularia
1678 959 1852 1028 enim
1900 960 2133 1027 cuncta
2177 951 2325 1029 sunt
2347 1008 2373 1044 ‚
2420 981 2833 1050 quaecunque
2871 956 2992 1029 sub
3060 956 3594 1051 imaginationem
3646 958 3873 1030 cadere

981 1052 1256 1148 poffunt.
1316 1119 1320 1124 .
1361 1055 1542 1143 Qid
1578 1056 1804 1127 clarius
1853 1056 2251 1147 concipimus
2300 1055 2585 1126 numetis
2618 1054 2653 1125 ἲ
2713 1053 2917 1126 Verbi
2968 1051 3216 1140 causta,
3275 1080 3625 1127 numerum
3671 1056 3874 1127 mille-

983 1154 1237 1224 naritun
1284 1153 1577 1246 concipio
1626 1148 1958 1224 clariflime
1992 1179 2018 1233 ,-
2067 1148 2173 1221 sed
2224 1167 2301 1221 tu
2342 1154 2689 1244 imaginare
2730 1148 2917 1223 fimul
2943 1203 2967 1237 ,
3023 1148 3070 1223 fi
3114 1172 3300 1245 potes
3332 1203 3355 1238 ,
3405 1153 3579 1224 mille
3640 1178 3873 1247 corpo-

979 1273 1050 1320 ta
1085 1300 1108 1334 ‚
1153 1268 1229 1320 ut
1273 1271 1412 1344 ego
1437 1251 1733 1342 concipio
1785 1248 1959 1319 mill‘e
2004 1248 2319 1319 unitates:
2378 1248 2565 1320 Adde
2605 1275 2879 1342 corpora
2918 1245 3257 1342 finguiaria
3304 1255 3511 1343 quam]
3562 1250 3868 1342 plurima,

976 1342 1257 1438 figuram
1301 1373 1406 1440 ex.
1431 1372 1698 1441 magnos
1724 1347 2115 1439 angulorum
2165 1369 2442 1420 numero
2476 1346 2871 1434 constantem
2892 1397 2917 1433 ,
2967 1348 3170 1438 qualis
3196 1396 3221 1432 ‚
3281 1345 3466 1422 verbi
3490 1349 3699 1440 gratia
3725 1399 3748 1433 ,
3778 1348 3864 1421 est

974 1435 1199 1514 mille'-
1231 1446 1550 1539 anguium·
1570 1472 1591 1522 3
1640 1444 1950 1516 circulum
1986 1429 2390 1537 perfec‘tuin3
2422 1442 2820 1514 icosaedrum
2848 1495 2874 1531 ‚
2929 1439 3064 1514 five
3110 1443 3293 1526 aliud⁸
3332 1449 3563 1537 corp'us
3592 1470 3679 1515 ex
3704 1447 3871 1518 mul,-

976 1541 1057 1610 tis
1111 1542 1316 1612 hedris
1373 1537 1860 1635 compofitum3
1910 1540 2187 1634 globum
2246 1539 2505 1631 penitus
2560 1543 2945 1626 rotundum,
2977 1556 3087 1612 aut
3138 1541 3411 1612 om'nino
3466 1544 3807 1635 integrum
3841 1569 3863 1613 τ

973 1653 1234 1709 motum
1268 1689 1292 1723 ,
1364 1658 1481 1711 aut
1518 1640 1812 1710 velocem
1859 1638 2047 1709 nimis
2093 1658 2212 1711 aut
2256 1637 2505 1709 lentum
2536 1665 2563 1720 ,-
2630 1641 2920 1711 materiae
2974 1641 3042 1707 in
3104 1635 3443 1709 infinitum
3485 1637 3861 1712 senionem.

971 1735 1058 1808 Et
1080 1785 1102 1818 ‚
1150 1736 1302 1834 quia
1333 1739 1430 1808 vis
1462 1788 1485 1822 ‚
1538 1757 1614 1808 ut
1668 1737 1750 1807 de
1792 1735 2237 1832 magnitudine
2277 1727 2507 1834 inquar
2540 1786 2562 1821 ,
2618 1736 2917 1829 pleraque
2962 1736 3297 1827 imaginari
3345 1761 3483 1808 non
3532 1735 3865 1829 poffumus

970 1849 1090 1930 pro
1138 1847 1234 1904 ter
1276 1825 1662 1928 parvitatem
1682 1887 1706 1920 ,
1738 1836 1923 1926 plura
1949 1846 2229 1928 propter}
2253 1831 2783 1925 magnitudinem.
2891 1833 3057 1928 QiS
3087 1847 3378 1926 unquam
3409 1836 3769 1926 imaginem
3796 1838 3863 1908 iu

973 1858 1237 2001 cerelbro
1280 1925 1572 2026 depinkit
1611 1926 1967 2004 millefimae
2007 1934 2205 2025 partis
2244 1931 2434 2021 hujus
2456 1926 2835 2021 pulviscuii,
2866 1945 3062 2024 q'uem
3091 1930 3593 2003 vel'totum.vix
3618 1933 3855 2006 trum-o-

971 2023 1167 2119 scopii
1221 2053 1345 2121 ope
1391 2031 1717 2124 ¹percipi5‚
1782 2023 1844 2100 &
1885 2030 1923 2098 a
1987 2031 2188 2100 nihilo
2233 2025 2623 2122 distinguis?
2673 2028 2843 2116 Quis
2883 2052 3173 2120 unquam
3211 2045 3463 2099 tantam
3507 2029 3856 2122 imaginem

972 2121 1257 2215 'corporis
1303 2127 1520 2196 mente
1567 2125 1882 2198 formavit
1912 2174 1936 2210 ,
2003 2152 2205 2220 quam
2267 2150 2403 2197 non
2464 2126 2607 2198 haec
2660 2149 2860 2219 quam
2906 2122 3179 2219 pedibus
3227 2125 3543 2197 caicamus
3571 2128 3766 2198 tellus
3825 2177 3853 2214 ,

968 2221 1254 2290 multum
1307 2219 1623 2313 superet?
1671 2224 1907 2311 Plura,
1964 2221 2014 2295 fi
2054 2227 2238 2317 plura
2278 2220 2543 2314 requiris
2566 2273 2590 2309 ,
2646 2220 2989 2316 p'roferam.
3069 2224 3236 2294 Haec
3277 2242 3543 2310 autem,
3579 2249 3735 2316 quae
3761 2243 3850 2298 at-

967 2314 1087 2386 tuli
1120 2367 1145 2401 ‚
1186 2341 1562 2411 quanquam
1597 2344 1793 2392 nemo
1832 2322 2170 2414 imaginari
2201 2314 2399 2414 possit
2419 2370 2443 2404 ,
2477 2321 2862 2413 percipimus
2901 2316 3234 2391 clariffime
3258 2369 3285 2406 ,ν
3336 2321 3847 2395 demonstramus

969 2411 1300 2485 evidenter
1340 2465 1363 2502 ,
1395 2438 1622 2508 ‚atque
1670 2417 1820 2489 inde
1861 2419 2012 2516 alias
2055 2413 2628 2490 demonstrationes
2664 2417 3043 2489 deducimus
3078 2468 3102 2506 ‚
3167 2443 3444 2512 quarum
3490 2418 3666 2512 pleni
3702 2417 3846 2493 sunt

968 2509 1474 2588 Geometrarum
1499 2512 1725 2584 -libris
2102 2539 2109 2544 ⁴
2146 2517 2150 2524 ’
2402 2579 2407 2584 .
2536 2531 2543 2538 ’

1002 2644 1006 2647 ’
1044 2701 1058 2718 ⁸
1097 2607 1331 2683 ··Daed.
1392 2613 1577 2686 Satis
1616 2602 1721 2684 est.
1798 2614 2108 2687 Cedimus
2143 2620 2401 2690 veritati
2439 2645 2459 2688 ε
2500 2622 2855 2711 Imaginatio
2900 2616 3092 2707 longe
3128 2613 3456 2709 angustior
3485 2614 3576 2686 est
3610 2637 3842 2709 concep·

962 2722 1042 2777 tu
1076 2730 1247 2798 puro,
1314 2710 1442 2782 Sed
1469 2709 1606 2802 jam
1643 2709 1848 2800 istud,
1898 2711 2015 2785 nisi
2039 2727 2239 2808 grave
2277 2714 2368 2786 est
2392 2764 2411 2796 ‚
2452 2714 2754 2792 ostende3
2799 2715 3118 2784 rationem
3170 2710 3439 2785 Cartefii
3483 2714 3636 2784 nihil
3670 2714 3839 2790 aliud

963 2802 1257 2913 evincere
1282 2856 1306 2892 ,
1352 2832 1551 2901 quam
1597 2835 1716 2885 nos
1766 2806 1930 2886 fines
1971 2814 2204 2887 mundi
2251 2820 2568 2913 imaginari
2609 2835 2747 2885 non
2799 2807 2972 2905 poffe
3000 2863 3023 2900 ,
3078 2835 3215 2883 non
3257 2811 3414 2884 illud
3442 2831 3772 2904 praeterea
3806 2861 3837 2901 ‚

956 2898 1148 3003 plane
1191 2924 1312 3001 eos
1341 2928 1488 2975 non
1531 2902 1704 2997 poffe
1761 2920 1998 3004 concipi.
3064 2990 3073 2999 ,
3842 2995 3849 2999 .

977 3016 984 3025 ·
1149 2994 1303 3068 Phil.
1382 2998 1596 3073 Isthuc
1641 2998 1840 3074 ibam.
1919 3008 2147 3096 'Qod
2169 3004 2218 3076 fi
2249 3009 2445 3103 igitur
2480 3007 2866 3093 ostendero,
2905 3007 3067 3101 quid
3107 3004 3185 3078 fit
3208 3057 3232 3093 ,
3271 3009 3451 3101 quod
3505 3006 3839 3102 impediatss

956 3114 1090 3197 quq
1140 3093 1354 3195 minus
1396 3100 1708 3175 terminos
1743 3105 1973 3174 mundi
2016 3104 2353 3195 imaginari
2388 3127 2699 3196 queamus
2738 3155 2763 3191 ‚
2835 3101 3152 3199 fimulque
3192 3106 3562 3199 probavero
3605 3157 3630 3193 ‚
3680 3108 3837 3179 illud

955 3186 1171 3285 ipsum
1214 3192 1481 3265 minime
1521 3195 1830 3287 impedire
1872 3248 1899 3283 ,
1938 3226 2072 3295 quo
2112 3201 2329 3270 minus
2368 3197 2611 3293 poffint
2659 3202 2955 3294 concipi;
3013 3201 3393 3295 apparebit,
3462 3202 3648 3296 spero*
3672 3255 3698 3291 ‚
3748 3203 3836 3276 fi,

955 3289 1074 3375 tis,
1109 3285 1473 3365 Cartefium
1507 3293 1543 3360 ὲ
1598 3291 1962 3369 Phantafia·
1988 3297 2101 3369 sua
2125 3295 2321 3391 ‘fuiffe
2363 3298 2673 3370 delusum.
2714 3336 2721 3341 ·
2800 3300 2929 3376 Sed
2985 3300 3383 3371 videbuntur
3413 3300 3551 3372 haec
3588 3299 3760 3373 forte
3795 3352 3827 3389 ‚

953 3408 1106 3497 quae
1155 3388 1441 3461 dicturus
1474 3388 1660 3479 sum,
1691 3388 2052 3468 difficiliora
2076 3398 2141 3466 δὲ
2164 3397 2350 3489 plane
2392 3390 2827 3489 metaphyfica
2859 3425 2879 3475 3
2928 3421 3124 3489 quare
3165 3422 3284 3469 vos
3329 3402 3589 3469 ornfnem
3646 3421 3829 3469 men-

950 3499 1035 3551 tis
1053 3486 1259 3592 aciem
1281 3488 1596 3563 intendite
1619 3519 1643 3575 ,-
1670 3518 1793 3586 ego
1815 3541 1831 3572 ‚
1855 3510 2181 3593 quantum
2207 3495 2277 3568 in
2318 3519 2424 3566 me
2464 3495 2576 3580 est,
2608 3491 2784 3566 dabo
2806 3515 3072 3587 operam
3098 3514 3177 3597 ut¹
3196 3497 3235 3591 ξι
3257 3495 3450 3567 vobis
3480 3495 3826 3588 intelligat.

993 3635 1024 3653 07

1145 3635 1467 3730 Infinitum
1508 3641 1775 3729 absolute
1809 3644 1908 3731 stc
1933 3647 2175 3721 Alfium
2212 3645 2302 3717 est
2322 3696 2348 3732 ‚
2398 3647 2579 3739 quod
2615 3649 2903 3720 continet
2940 3672 3210 3721 omnem
3246 3670 3384 3720 rem
3433 3698 3458 3735 ‚
3529 3644 3827 3721 fiveom-

951 3750 1103 3815 nem
1142 3732 1605 3823 perfectionem
1626 3787 1649 3822 ,
1694 3764 1849 3830 quae
1882 3763 1999 3814 aut
2033 3745 2151 3815 effe
2190 3764 2307 3814 aut
2330 3742 2527 3817 eti2uu
2556 3746 2806 3838 concipi
2826 3744 3039 3839 potest
3067 3775 3085 3816 ε
3144 3748 3209 3818 id
3234 3768 3354 3821 vos
3378 3750 3834 3840 infinitmnper-

929 3820 1189 3914 fic‘iione
1214 3855 1447 3921 vocare
1482 3832 1712 3905 soletis.
1800 3842 2116 3930 Infinitum
2141 3839 2479 3927 ficundum
2504 3841 2661 3937 quid
2678 3891 2702 3925 ,
2748 3840 2936 3912 verbi
2960 3841 3165 3915 eauflia
3192 3843 3582 3933 extenfionem
3621 3896 3640 3930 ‚
3668 3884 3673 3891 ·
3700 3842 3792 3916 est
3806 3890 3843 3931 ‚

947 3923 1130 4034 qued
1180 3950 1446 4002 omnem
1499 3927 1940 4005 extenfionem
1991 3937 2443 4027 comp?estitut
2470 3985 2494 4023 ‚
2536 3942 2688 4029 quae
2713 3940 2778 4010 &
2819 3937 2941 4011 essi‘.
2973 3941 3187 4035 potest
3221 3944 3284 4012 ἃ
3331 3939 3651 4033 intelligi:
3721 3942 3843 4012 hac

945 4038 1358 4133 ratione-vos
1397 4029 1723 4099 mundum
1767 4027 2103 4104 infinitum
2145 4033 2375 4102 dicitis.
2470 4035 2651 4107 Hinc
2680 4084 2703 4120 ,
2776 4039 2935 4129 quid
2975 4037 3243 4110 finitum
3289 4058 3573 4129 utroque
3628 4039 3839 4110 modo

941 4108 1024 4201 fit
1047 4164 1078 4203 2
1124 4120 1325 4199 quivis
1361 4119 1541 4197 facile
1568 4124 1894 4199 intellectu
1922 4129 2031 4202 est.
2120 4134 2391 4201 fhiitum
2423 4133 2771 4222 perficit’one
2801 4134 2892 4207 est
2914 4186 2938 4221 ,
2978 4137 3159 4229 quod
3202 4158 3337 4206 non
3390 4158 3661 4205 omnem
3694 4156 3841 4207 rem

938 4206 1566 4306 fiveperfec‘iionem
1591 4223 1921 4320 continet,
1960 4250 2131 4321 quae.
2150 4230 2214 4299 &
2242 4225 2361 4299 effe
2390 4230 2604 4323 potest
2626 4234 2691 4303 &
2729 4252 2949 4304 mente
2974 4234 3246 4327 concipi.
3329 4232 3777 4304 siemundum
3812 4280 3843 4321 ,

937 4311 1192 4383 tametfi
1235 4316 1605 4389 extenfione
1654 4319 1987 4398 infinitum
2049 4325 2167 4397 effe
2212 4327 2406 4398 vultis
2434 4378 2458 4413 ,
2526 4325 2791 4400 finitum
2853 4351 3072 4402 tamen
3116 4324 3234 4401 effe
3272 4326 3631 4400 affirmatis.
3708 4328 3827 4405 Est

936 4428 1170 4497 autem?
1196 4413 1520 4505 extensione
1550 4422 1790 4497 finitum
1818 4472 1842 4508 ‚
1897 4424 2074 4517 quod
2119 4449 2258 4500 non
2307 4449 2577 4499 omnem
2629 4425 3079 4502 extensionem
3121 4424 3258 4503 five
3288 4427 3623 4520 poffibilem
3678 4424 3819 4502 five

932 4530 1198 4583 omnem
1234 4515 1655 4612 intelligibilem
1699 4517 1914 4593 habet.
2720 4530 2737 4538 ”
