4188 5670
2133 327 2208 426 ><
2286 342 2440 427 148·
2483 324 2584 477 Χ
2657 386 2666 395 -

2233 1910 2485 2000 DE

711 2089 2299 2288 FIGURA
2549 1981 3803 2292 MUNDI

1320 2395 3245 2567 THESES

1779 2721 1845 2819 ,⁴
1956 2759 2563 2854 Tn1s1s
2677 2761 2746 2853 Ῑ.

2054 2987 2162 3097 U
2168 2980 2227 3078 Ν
2247 3027 2299 3078 n
2312 3018 2358 3070 1
2393 3003 2671 3100 figuram
2719 3004 2785 3075 &
2820 3003 3095 3097 ingentis
3135 3000 3328 3096 hujus
3385 3002 3625 3088 Patriae
3670 3000 3806 3107 nos
3877 3074 3880 3077 ,

2108 3106 2233 3175 tr'ae
2276 3104 2615 3198 pomoeria
2662 3102 2884 3195 paucis
2929 3100 3284 3178 describere
3333 3101 3529 3174 nobis
3571 3099 3810 3198 propo-

2105 3193 2306 3274 fitum
2347 3199 2456 3274 est.
2556 3202 2803 3293 Neque
2843 3200 3177 3272 Titanicus
3228 3199 3343 3272 iste
3371 3200 3464 3272 est
3507 3221 3808 3290 conatus,

2115 3325 2255 3371 non
2306 3301 2507 3372 Pelion
2547 3297 2698 3395 Offae
2752 3295 3114 3390 subjicere,
3158 3323 3295 3371 non
3356 3287 3595 3371 coelum
3631 3297 3814 3371 scdn-
3868 3373 3872 3375 ,

2107 3398 2267 3471 dere
2313 3398 2677 3471 molimur·
2700 3396 2879 3470 viam
2926 3397 3233 3484 inimus,
3283 3393 3335 3469 fi
3388 3422 3523 3469 non
3572 3398 3812 3469 certio-
3862 3398 3872 3409 “

2120 3522 2311 3582 rem,
2346 3513 2425 3569 ut
2478 3495 2670 3569 nobis
2720 3497 2986 3589 quidem
3056 3495 3317 3572 videtur
3350 3546 3379 3581 ‚
3437 3490 3663 3568 saltem
3717 3485 3813 3566 fa·-
3884 3588 3889 3594 ¹
3930 3576 3935 3580 ,

2123 3596 2412 3669 cffioret'n
2451 3598 2516 3667 Sc
2564 3597 2918 3667 tutiorem·
2888 3642 2919 3680 ,
2950 3596 3033 3665 &
3086 3593 3155 3664 in
3192 3618 3322 3688 qua
3363 3595 3589 3681 nihil,
3639 3617 3811 3688 prae-

2109 3714 2208 3765 ter
2265 3693 2662 3780 mediocrem
2708 3695 2944 3765 mentis
2992 3694 3429 3825 attentionem
3452 3743 3479 3780 ,
3513 3694 3635 3767 erit
3663 3715 3814 3764 mo-

2121 3790 2382 3863 lestiae.
3650 3829 3656 3835 ·

2237 3890 2350 3979 ΙΙ.
2390 3887 2499 3958 Ne
2533 3904 2756 3959 tamen
2806 3888 3164 3983 quidquam
3216 3890 3287 3963 in
3346 3891 3468 3962 hac
3526 3891 3638 3962 via
3685 3913 3816 3963 nos

2127 3999 2423 4058 moretur
2459 4034 2486 4073 ‚
2523 3986 2984 4077 praemittenda
3025 3988 3116 4059 est
3163 3991 3523 4061 accuratior
3573 3984 3822 4081 figurae

2126 4096 2481 4178 corporum
2535 4082 2980 4163 consideratio.
3109 4087 3269 4160 Tria
3332 4087 3402 4159 in
3450 4089 3529 4158 iis
3598 4089 3825 4180 probe

883 4182 1336 4273 distinguenda
1386 4179 1577 4272 sunt,
1608 4205 1761 4275 quae
1793 4185 2003 4258 adhuc
2049 4181 2314 4256 confusa
2366 4179 2676 4256 fuerunt-2
2720 4202 2919 4278 partos
2952 4202 3233 4258 mtremae
3274 4188 3619 4278 corporis,
3670 4210 3830 4277 par-

880 4284 1058 4353 tium
1109 4289 1460 4354 extremitas
1475 4332 1499 4368 ,
1577 4281 1856 4374 denique
1933 4284 2193 4356 harum
2212 4287 2581 4374 pcirtmmz
2523 4282 2686 4372 fitus
2718 4286 2916 4369 juxta
2965 4282 3038 4372 se
3093 4283 3185 4370 ἓξ
3245 4302 3445 4375 partes
3487 4290 3834 4357 interiores·

878 4381 1176 4453 Primum
1216 4404 1315 4453 res
1358 4380 1446 4451 est
1487 4382 1552 4451 &
1594 4381 1837 4473 aliquid
1877 4383 1960 4455 ad
2017 4379 2439 4452 substantiam
2480 4382 2807 4471 pertinens
2847 4408 2870 4459 3
2925 4379 3276 4453 secundum
3344 4382 3506 4453 nihil
3550 4380 3700 4467 est,
3759 4386 3835 4456 Sc

878 4502 1014 4551 non
1075 4471 1194 4546 nisi
1235 4476 1625 4551 extensionis
1667 4478 1987 4553 ulterioris
2036 4480 2118 4550 ad
2171 4503 2407 4571 corpus
2463 4479 2840 4568 pertinentis
2899 4481 3208 4576 negati05
3255 4481 3526 4556 tertium
3576 4481 3836 4553 modus

882 4575 973 4649 est
1016 4578 1305 4669 corporis
1326 4628 1351 4668 ,
1402 4601 1606 4673 quam
1642 4578 1848 4673 vulgo
1880 4583 2159 4677 figuram
2187 4576 2603 4670 appellamus.
