<?xml version="1.0" encoding="UTF-8"?>
<!DOCTYPE html PUBLIC "-//W3C//DTD XHTML 1.0 Transitional//EN"
    "http://www.w3.org/TR/xhtml1/DTD/xhtml1-transitional.dtd">
<html xmlns="http://www.w3.org/1999/xhtml" xml:lang="en" lang="en">
 <head>
  <title>
</title>
<meta http-equiv="Content-Type" content="text/html;charset=utf-8" />
  <meta name='ocr-system' content='tesseract 3.04.00' />
  <meta name='ocr-capabilities' content='ocr_page ocr_carea ocr_par ocr_line ocrx_word'/>
</head>
<body>
  <div class='ocr_page' id='page_1' title='image "./opusculatheolog00weregoog/opusculatheolog00weregoog_0200.png"; bbox 0 0 4188 5670; ppageno 0'>
   <div class='ocr_carea' id='block_1_1' title="bbox 961 338 2850 445">
    <p class='ocr_par' dir='ltr' id='par_1_1' title="bbox 961 338 2850 445">
     <span class='ocr_line' id='line_1_1' title="bbox 961 338 2850 445; baseline -0.008 0"><span class='ocrx_word' id='word_1_1' title='bbox 961 380 1098 445; x_wconf 67' lang='lat'>162</span> <span class='ocrx_word' id='word_1_2' title='bbox 1441 338 1450 345; x_wconf 55' lang='grc'><strong>’</strong></span> <span class='ocrx_word' id='word_1_3' title='bbox 1830 350 2850 435; x_wconf 55' lang='lat' dir='ltr'>&#39;Maxu-tarro</span> 
     </span>
    </p>
   </div>
   <div class='ocr_carea' id='block_1_2' title="bbox 925 531 3885 4819">
    <p class='ocr_par' dir='ltr' id='par_1_2' title="bbox 943 531 3859 737">
     <span class='ocr_line' id='line_1_2' title="bbox 943 531 3859 629; baseline 0 -16"><span class='ocrx_word' id='word_1_4' title='bbox 943 537 1249 622; x_wconf 75' lang='lat' dir='ltr'>differi-03</span> <span class='ocrx_word' id='word_1_5' title='bbox 1301 557 1418 614; x_wconf 87' lang='lat' dir='ltr'>aut</span> <span class='ocrx_word' id='word_1_6' title='bbox 1509 532 1717 609; x_wconf 78' lang='lat' dir='ltr'>torsus</span> <span class='ocrx_word' id='word_1_7' title='bbox 1753 538 1936 609; x_wconf 81' lang='lat' dir='ltr'>hunc</span> <span class='ocrx_word' id='word_1_8' title='bbox 1994 557 2258 613; x_wconf 82' lang='lat' dir='ltr'>motum</span> <span class='ocrx_word' id='word_1_9' title='bbox 2302 531 2483 629; x_wconf 83' lang='lat' dir='ltr'>globi</span> <span class='ocrx_word' id='word_1_10' title='bbox 2532 534 2698 607; x_wconf 79' lang='lat' dir='ltr'>circa</span> <span class='ocrx_word' id='word_1_11' title='bbox 2738 555 2925 606; x_wconf 80' lang='lat' dir='ltr'>axem</span> <span class='ocrx_word' id='word_1_12' title='bbox 2980 554 3233 611; x_wconf 79' lang='lat' dir='ltr'>metam</span> <span class='ocrx_word' id='word_1_13' title='bbox 3300 532 3419 611; x_wconf 77' lang='lat' dir='ltr'>effe</span> <span class='ocrx_word' id='word_1_14' title='bbox 3460 534 3800 617; x_wconf 65' lang='lat' dir='ltr'>fictionem</span> <span class='ocrx_word' id='word_1_15' title='bbox 3825 568 3859 615; x_wconf 74' lang='lat' dir='ltr'>t.</span> 
     </span>
     <span class='ocr_line' id='line_1_3' title="bbox 946 628 3823 737; baseline -0.007 -22"><span class='ocrx_word' id='word_1_16' title='bbox 946 640 1137 737; x_wconf 85' lang='lat' dir='ltr'>quod</span> <span class='ocrx_word' id='word_1_17' title='bbox 1185 662 1384 730; x_wconf 84' lang='lat' dir='ltr'>quam</span> <span class='ocrx_word' id='word_1_18' title='bbox 1455 655 1510 706; x_wconf 77' lang='lat' dir='ltr'>it</span> <span class='ocrx_word' id='word_1_19' title='bbox 1553 635 1945 719; x_wconf 89' lang='lat' dir='ltr'>ridiculum,</span> <span class='ocrx_word' id='word_1_20' title='bbox 2000 635 2273 729; x_wconf 74' lang='lat' dir='ltr'>quilibet</span> <span class='ocrx_word' id='word_1_21' title='bbox 2310 633 2664 726; x_wconf 84' lang='lat' dir='ltr'>intelligere</span> <span class='ocrx_word' id='word_1_22' title='bbox 2716 628 2947 724; x_wconf 84' lang='lat' dir='ltr'>potest.</span> <span class='ocrx_word' id='word_1_23' title='bbox 3814 702 3823 711; x_wconf 48' lang='lat'>‚</span> 
     </span>
    </p>

    <p class='ocr_par' dir='ltr' id='par_1_3' title="bbox 929 727 3885 2785">
     <span class='ocr_line' id='line_1_4' title="bbox 1145 727 3850 828; baseline -0 -21"><span class='ocrx_word' id='word_1_24' title='bbox 1145 735 1403 811; x_wconf 80' lang='lat' dir='ltr'><strong>XVIII·</strong></span> <span class='ocrx_word' id='word_1_25' title='bbox 1491 733 1582 811; x_wconf 81' lang='lat' dir='ltr'>At</span> <span class='ocrx_word' id='word_1_26' title='bbox 1617 756 1825 819; x_wconf 86' lang='lat' dir='ltr'>vero,</span> <span class='ocrx_word' id='word_1_27' title='bbox 1882 727 1932 801; x_wconf 87' lang='lat' dir='ltr'><strong>fi</strong></span> <span class='ocrx_word' id='word_1_28' title='bbox 1973 734 2279 805; x_wconf 86' lang='lat' dir='ltr'>nondum</span> <span class='ocrx_word' id='word_1_29' title='bbox 2331 752 2558 805; x_wconf 85' lang='lat' dir='ltr'>omnes</span> <span class='ocrx_word' id='word_1_30' title='bbox 2603 727 2726 800; x_wconf 87' lang='lat' dir='ltr'>tibi</span> <span class='ocrx_word' id='word_1_31' title='bbox 2778 729 2881 799; x_wconf 85' lang='lat' dir='ltr'>hic</span> <span class='ocrx_word' id='word_1_32' title='bbox 2915 730 3157 801; x_wconf 76' lang='lat' dir='ltr'>ademti</span> <span class='ocrx_word' id='word_1_33' title='bbox 3213 728 3361 805; x_wconf 82' lang='lat' dir='ltr'>suut</span> <span class='ocrx_word' id='word_1_34' title='bbox 3392 729 3671 828; x_wconf 77' lang='lat' dir='ltr'>scrupuli</span> <span class='ocrx_word' id='word_1_35' title='bbox 3705 783 3732 819; x_wconf 88' lang='lat'><em>‚</em></span> <span class='ocrx_word' id='word_1_36' title='bbox 3772 759 3850 806; x_wconf 87' lang='lat' dir='ltr'>en</span> 
     </span>
     <span class='ocr_line' id='line_1_5' title="bbox 944 826 3852 926; baseline -0.002 -17"><span class='ocrx_word' id='word_1_37' title='bbox 944 836 1128 910; x_wconf 83' lang='lat' dir='ltr'>aliud</span> <span class='ocrx_word' id='word_1_38' title='bbox 1177 842 1685 926; x_wconf 69' lang='lat' dir='ltr'>argumentum,</span> <span class='ocrx_word' id='word_1_39' title='bbox 1749 829 1867 901; x_wconf 87' lang='lat' dir='ltr'>ubi</span> <span class='ocrx_word' id='word_1_40' title='bbox 1903 826 2222 923; x_wconf 84' lang='lat' dir='ltr'>effugium</span> <span class='ocrx_word' id='word_1_41' title='bbox 2264 829 2389 899; x_wconf 86' lang='lat' dir='ltr'>hoc</span> <span class='ocrx_word' id='word_1_42' title='bbox 2437 829 2661 899; x_wconf 82' lang='lat' dir='ltr'>locum</span> <span class='ocrx_word' id='word_1_43' title='bbox 2709 850 2846 896; x_wconf 83' lang='lat' dir='ltr'>non</span> <span class='ocrx_word' id='word_1_44' title='bbox 2890 828 3196 901; x_wconf 85' lang='lat' dir='ltr'>inveniet.</span> <span class='ocrx_word' id='word_1_45' title='bbox 3314 828 3455 902; x_wconf 76' lang='lat' dir='ltr'>Esse</span> <span class='ocrx_word' id='word_1_46' title='bbox 3513 834 3585 903; x_wconf 86' lang='lat' dir='ltr'>in</span> <span class='ocrx_word' id='word_1_47' title='bbox 3632 857 3852 904; x_wconf 87' lang='lat' dir='ltr'>rerum</span> 
     </span>
     <span class='ocr_line' id='line_1_6' title="bbox 946 922 3870 1023; baseline -0.002 -15"><span class='ocrx_word' id='word_1_48' title='bbox 946 954 1185 1009; x_wconf 77' lang='lat' dir='ltr'>natura</span> <span class='ocrx_word' id='word_1_49' title='bbox 1229 930 1558 1023; x_wconf 68' lang='lat' dir='ltr'>sphaeram</span> <span class='ocrx_word' id='word_1_50' title='bbox 1611 977 1634 1013; x_wconf 89' lang='lat'>,</span> <span class='ocrx_word' id='word_1_51' title='bbox 1679 930 1743 998; x_wconf 70' lang='grc' dir='ltr'>ἃ</span> <span class='ocrx_word' id='word_1_52' title='bbox 1776 926 2096 1021; x_wconf 73' lang='lat' dir='ltr'>sphaeram</span> <span class='ocrx_word' id='word_1_53' title='bbox 2143 926 2408 1020; x_wconf 89' lang='lat' dir='ltr'>quidem</span> <span class='ocrx_word' id='word_1_54' title='bbox 2468 922 2829 1016; x_wconf 68' lang='lat' dir='ltr'>perfeaam.</span> <span class='ocrx_word' id='word_1_55' title='bbox 2870 970 2893 1006; x_wconf 86' lang='lat'>‚</span> <span class='ocrx_word' id='word_1_56' title='bbox 2930 947 3065 996; x_wconf 79' lang='lat' dir='ltr'>non</span> <span class='ocrx_word' id='word_1_57' title='bbox 3110 952 3445 1021; x_wconf 83' lang='lat' dir='ltr'><strong>repugnat.</strong></span> <span class='ocrx_word' id='word_1_58' title='bbox 3552 930 3606 1001; x_wconf 89' lang='lat' dir='ltr'>F</span> <span class='ocrx_word' id='word_1_59' title='bbox 3606 954 3684 999; x_wconf 89' lang='lat' dir='ltr'>ac</span> <span class='ocrx_word' id='word_1_60' title='bbox 3736 927 3870 1002; x_wconf 67' lang='lat' dir='ltr'>esst-⁴</span> 
     </span>
     <span class='ocr_line' id='line_1_7' title="bbox 943 1018 3854 1119; baseline -0.002 -16"><span class='ocrx_word' id='word_1_61' title='bbox 943 1032 1163 1117; x_wconf 71' lang='lat' dir='ltr'>duaS,</span> <span class='ocrx_word' id='word_1_62' title='bbox 1227 1053 1456 1119; x_wconf 82' lang='lat' dir='ltr'>easque</span> <span class='ocrx_word' id='word_1_63' title='bbox 1487 1025 1611 1098; x_wconf 89' lang='lat' dir='ltr'>sese</span> <span class='ocrx_word' id='word_1_64' title='bbox 1659 1044 1967 1118; x_wconf 73' lang='lat' dir='ltr'>tangeret</span> <span class='ocrx_word' id='word_1_65' title='bbox 2005 1050 2087 1097; x_wconf 84' lang='lat' dir='ltr'>ne</span> <span class='ocrx_word' id='word_1_66' title='bbox 2136 1026 2264 1097; x_wconf 88' lang='lat' dir='ltr'>hoc</span> <span class='ocrx_word' id='word_1_67' title='bbox 2314 1022 2579 1116; x_wconf 87' lang='lat' dir='ltr'>quidem</span> <span class='ocrx_word' id='word_1_68' title='bbox 2618 1018 3026 1115; x_wconf 86' lang='lat' dir='ltr'>repugnabit·</span> <span class='ocrx_word' id='word_1_69' title='bbox 3093 1025 3355 1098; x_wconf 89' lang='lat' dir='ltr'>Notum</span> <span class='ocrx_word' id='word_1_70' title='bbox 3385 1026 3499 1113; x_wconf 87' lang='lat' dir='ltr'>est,</span> <span class='ocrx_word' id='word_1_71' title='bbox 3533 1024 3854 1119; x_wconf 71' lang='lat' dir='ltr'>sphaeram</span> 
     </span>
     <span class='ocr_line' id='line_1_8' title="bbox 943 1117 3852 1222; baseline -0.001 -22"><span class='ocrx_word' id='word_1_72' title='bbox 943 1148 1218 1222; x_wconf 76' lang='lat' dir='ltr'>tangere</span> <span class='ocrx_word' id='word_1_73' title='bbox 1256 1123 1572 1218; x_wconf 75' lang='lat' dir='ltr'>sphaeram</span> <span class='ocrx_word' id='word_1_74' title='bbox 1617 1126 1687 1195; x_wconf 90' lang='lat' dir='ltr'>in</span> <span class='ocrx_word' id='word_1_75' title='bbox 1728 1125 1922 1195; x_wconf 88' lang='lat' dir='ltr'>unico</span> <span class='ocrx_word' id='word_1_76' title='bbox 1961 1126 2212 1220; x_wconf 68' lang='lat' dir='ltr'>puncto</span> <span class='ocrx_word' id='word_1_77' title='bbox 2272 1117 2645 1193; x_wconf 70' lang='lat' dir='ltr'>indivisibili</span> <span class='ocrx_word' id='word_1_78' title='bbox 2687 1124 2751 1192; x_wconf 87' lang='lat'>&amp;</span> <span class='ocrx_word' id='word_1_79' title='bbox 2808 1121 3273 1196; x_wconf 84' lang='lat' dir='ltr'>mathematico</span> <span class='ocrx_word' id='word_1_80' title='bbox 3314 1150 3332 1193; x_wconf 73' lang='grc' dir='ltr'><strong>ι</strong></span> <span class='ocrx_word' id='word_1_81' title='bbox 3376 1125 3445 1197; x_wconf 89' lang='lat' dir='ltr'>id</span> <span class='ocrx_word' id='word_1_82' title='bbox 3493 1124 3628 1210; x_wconf 85' lang='lat' dir='ltr'>est,</span> <span class='ocrx_word' id='word_1_83' title='bbox 3670 1146 3852 1216; x_wconf 83' lang='lat' dir='ltr'>parte</span> 
     </span>
     <span class='ocr_line' id='line_1_9' title="bbox 929 1215 3853 1315; baseline -0.001 -19"><span class='ocrx_word' id='word_1_84' title='bbox 929 1224 1050 1297; x_wconf 78' lang='lat' dir='ltr'>-sui</span> <span class='ocrx_word' id='word_1_85' title='bbox 1100 1249 1237 1298; x_wconf 85' lang='lat' dir='ltr'>non</span> <span class='ocrx_word' id='word_1_86' title='bbox 1280 1218 1662 1309; x_wconf 84' lang='lat' dir='ltr'>millefima,</span> <span class='ocrx_word' id='word_1_87' title='bbox 1705 1246 1841 1293; x_wconf 89' lang='lat' dir='ltr'>non</span> <span class='ocrx_word' id='word_1_88' title='bbox 1875 1222 2085 1293; x_wconf 85' lang='lat' dir='ltr'>decies</span> <span class='ocrx_word' id='word_1_89' title='bbox 2120 1271 2143 1307; x_wconf 90' lang='lat'>‚</span> <span class='ocrx_word' id='word_1_90' title='bbox 2191 1244 2330 1293; x_wconf 90' lang='lat' dir='ltr'>non</span> <span class='ocrx_word' id='word_1_91' title='bbox 2391 1220 2628 1291; x_wconf 81' lang='lat' dir='ltr'>centies</span> <span class='ocrx_word' id='word_1_92' title='bbox 2670 1215 3003 1289; x_wconf 69' lang='lat' dir='ltr'>millesima</span> <span class='ocrx_word' id='word_1_93' title='bbox 3035 1265 3061 1303; x_wconf 91' lang='lat'>‚</span> <span class='ocrx_word' id='word_1_94' title='bbox 3104 1218 3209 1291; x_wconf 90' lang='lat' dir='ltr'>sed</span> <span class='ocrx_word' id='word_1_95' title='bbox 3236 1241 3444 1315; x_wconf 84' lang='lat' dir='ltr'>parte,</span> <span class='ocrx_word' id='word_1_96' title='bbox 3482 1240 3562 1294; x_wconf 86' lang='lat' dir='ltr'>ut</span> <span class='ocrx_word' id='word_1_97' title='bbox 3584 1224 3853 1314; x_wconf 87' lang='lat' dir='ltr'>quidam</span> 
     </span>
     <span class='ocr_line' id='line_1_10' title="bbox 945 1312 3852 1417; baseline -0.002 -21"><span class='ocrx_word' id='word_1_98' title='bbox 945 1326 1184 1417; x_wconf 77' lang='lat' dir='ltr'>ajunt,</span> <span class='ocrx_word' id='word_1_99' title='bbox 1223 1315 1636 1393; x_wconf 85' lang='lat' dir='ltr'>infinitefima</span> <span class='ocrx_word' id='word_1_100' title='bbox 1660 1369 1684 1405; x_wconf 89' lang='lat'>‚</span> <span class='ocrx_word' id='word_1_101' title='bbox 1730 1340 1889 1405; x_wconf 85' lang='lat' dir='ltr'>aut,</span> <span class='ocrx_word' id='word_1_102' title='bbox 1941 1338 2019 1392; x_wconf 90' lang='lat' dir='ltr'>ut</span> <span class='ocrx_word' id='word_1_103' title='bbox 2057 1343 2178 1389; x_wconf 86' lang='lat' dir='ltr'>nos</span> <span class='ocrx_word' id='word_1_104' title='bbox 2224 1318 2597 1409; x_wconf 65' lang='lat' dir='ltr'>loquimur,</span> <span class='ocrx_word' id='word_1_105' title='bbox 2640 1312 3155 1388; x_wconf 80' lang='lat' dir='ltr'>indefinitefima.</span> <span class='ocrx_word' id='word_1_106' title='bbox 3252 1321 3404 1390; x_wconf 88' lang='lat' dir='ltr'>Hoc</span> <span class='ocrx_word' id='word_1_107' title='bbox 3450 1317 3501 1390; x_wconf 86' lang='lat' dir='ltr'><strong>fi</strong></span> <span class='ocrx_word' id='word_1_108' title='bbox 3546 1322 3692 1412; x_wconf 86' lang='lat' dir='ltr'>quis</span> <span class='ocrx_word' id='word_1_109' title='bbox 3724 1317 3852 1391; x_wconf 70' lang='lat' dir='ltr'>nel:</span> 
     </span>
     <span class='ocr_line' id='line_1_11' title="bbox 945 1414 3856 1513; baseline -0.003 -16"><span class='ocrx_word' id='word_1_110' title='bbox 945 1424 1115 1496; x_wconf 69' lang='lat' dir='ltr'>ciret</span> <span class='ocrx_word' id='word_1_111' title='bbox 1137 1474 1162 1510; x_wconf 89' lang='lat'><em>,</em></span> <span class='ocrx_word' id='word_1_112' title='bbox 1216 1442 1374 1491; x_wconf 90' lang='lat' dir='ltr'>eum</span> <span class='ocrx_word' id='word_1_113' title='bbox 1409 1417 1810 1513; x_wconf 84' lang='lat' dir='ltr'>Pythagoras</span> <span class='ocrx_word' id='word_1_114' title='bbox 1863 1442 1946 1489; x_wconf 83' lang='lat' dir='ltr'>ex</span> <span class='ocrx_word' id='word_1_115' title='bbox 1995 1417 2209 1490; x_wconf 87' lang='lat' dir='ltr'>schola</span> <span class='ocrx_word' id='word_1_116' title='bbox 2252 1416 2527 1507; x_wconf 71' lang='lat' dir='ltr'>ejiceret»</span> <span class='ocrx_word' id='word_1_117' title='bbox 2622 1414 2836 1487; x_wconf 83' lang='lat' dir='ltr'>Datur</span> <span class='ocrx_word' id='word_1_118' title='bbox 2889 1415 3085 1507; x_wconf 85' lang='lat' dir='ltr'>igitur</span> <span class='ocrx_word' id='word_1_119' title='bbox 3130 1421 3457 1508; x_wconf 64' lang='lat' dir='ltr'>punctum</span> <span class='ocrx_word' id='word_1_120' title='bbox 3503 1414 3856 1489; x_wconf 78' lang='lat' dir='ltr'>indivisibi-</span> 
     </span>
     <span class='ocr_line' id='line_1_12' title="bbox 949 1511 3854 1608; baseline -0.002 -14"><span class='ocrx_word' id='word_1_121' title='bbox 949 1520 1019 1594; x_wconf 66' lang='lat' dir='ltr'>ie</span> <span class='ocrx_word' id='word_1_122' title='bbox 1064 1519 1198 1593; x_wconf 83' lang='lat' dir='ltr'>five</span> <span class='ocrx_word' id='word_1_123' title='bbox 1248 1535 1547 1597; x_wconf 81' lang='lat' dir='ltr'>atomus;</span> <span class='ocrx_word' id='word_1_124' title='bbox 1602 1516 1782 1608; x_wconf 86' lang='lat' dir='ltr'>quod</span> <span class='ocrx_word' id='word_1_125' title='bbox 1831 1518 2009 1588; x_wconf 85' lang='lat' dir='ltr'>enim</span> <span class='ocrx_word' id='word_1_126' title='bbox 2058 1515 2269 1608; x_wconf 88' lang='lat' dir='ltr'>tangit</span> <span class='ocrx_word' id='word_1_127' title='bbox 2313 1515 2379 1583; x_wconf 73' lang='grc' dir='ltr'>δι</span> <span class='ocrx_word' id='word_1_128' title='bbox 2415 1514 2702 1606; x_wconf 76' lang='lat' dir='ltr'>tangitur</span> <span class='ocrx_word' id='word_1_129' title='bbox 2760 1561 2783 1597; x_wconf 86' lang='lat'>‚</span> <span class='ocrx_word' id='word_1_130' title='bbox 2836 1511 3079 1603; x_wconf 86' lang='lat' dir='ltr'>aliquid</span> <span class='ocrx_word' id='word_1_131' title='bbox 3124 1511 3214 1585; x_wconf 84' lang='lat' dir='ltr'>est</span> <span class='ocrx_word' id='word_1_132' title='bbox 3257 1565 3281 1601; x_wconf 85' lang='lat'><em>,</em></span> <span class='ocrx_word' id='word_1_133' title='bbox 3321 1514 3476 1586; x_wconf 83' lang='lat' dir='ltr'>nihil</span> <span class='ocrx_word' id='word_1_134' title='bbox 3520 1516 3701 1603; x_wconf 82' lang='lat' dir='ltr'>euim</span> <span class='ocrx_word' id='word_1_135' title='bbox 3750 1540 3854 1587; x_wconf 62' lang='lat' dir='ltr'>ne⁴</span> 
     </span>
     <span class='ocr_line' id='line_1_13' title="bbox 943 1607 3853 1713; baseline -0.002 -22"><span class='ocrx_word' id='word_1_136' title='bbox 943 1643 1084 1713; x_wconf 79' lang='lat' dir='ltr'>que</span> <span class='ocrx_word' id='word_1_137' title='bbox 1127 1611 1347 1712; x_wconf 80' lang='lat' dir='ltr'>tangit</span> <span class='ocrx_word' id='word_1_138' title='bbox 1380 1639 1591 1708; x_wconf 86' lang='lat' dir='ltr'>neque</span> <span class='ocrx_word' id='word_1_139' title='bbox 1634 1616 1944 1708; x_wconf 85' lang='lat' dir='ltr'>tangitur.</span> <span class='ocrx_word' id='word_1_140' title='bbox 2034 1615 2347 1705; x_wconf 87' lang='lat' dir='ltr'>Ineptum</span> <span class='ocrx_word' id='word_1_141' title='bbox 2388 1611 2491 1682; x_wconf 85' lang='lat' dir='ltr'>hic</span> <span class='ocrx_word' id='word_1_142' title='bbox 2534 1607 2685 1683; x_wconf 86' lang='lat' dir='ltr'>effet</span> <span class='ocrx_word' id='word_1_143' title='bbox 2735 1610 2816 1693; x_wconf 78' lang='lat' dir='ltr'>de</span> <span class='ocrx_word' id='word_1_144' title='bbox 2861 1612 3167 1682; x_wconf 64' lang='lat' dir='ltr'>contactu</span> <span class='ocrx_word' id='word_1_145' title='bbox 3204 1611 3334 1687; x_wconf 87' lang='lat' dir='ltr'>hoc</span> <span class='ocrx_word' id='word_1_146' title='bbox 3378 1611 3612 1698; x_wconf 79' lang='lat' dir='ltr'>dicere,</span> <span class='ocrx_word' id='word_1_147' title='bbox 3674 1611 3853 1706; x_wconf 84' lang='lat' dir='ltr'>quod</span> 
     </span>
     <span class='ocr_line' id='line_1_14' title="bbox 945 1705 3851 1807; baseline -0.001 -20"><span class='ocrx_word' id='word_1_148' title='bbox 945 1734 1110 1793; x_wconf 70' lang='lat' dir='ltr'>ante</span> <span class='ocrx_word' id='word_1_149' title='bbox 1155 1716 1238 1789; x_wconf 85' lang='lat' dir='ltr'>de</span> <span class='ocrx_word' id='word_1_150' title='bbox 1304 1715 1520 1807; x_wconf 89' lang='lat' dir='ltr'>quiete</span> <span class='ocrx_word' id='word_1_151' title='bbox 1564 1714 1792 1805; x_wconf 60' lang='lat' dir='ltr'>puncti</span> <span class='ocrx_word' id='word_1_152' title='bbox 1851 1715 1918 1784; x_wconf 70' lang='grc' dir='ltr'>δι</span> <span class='ocrx_word' id='word_1_153' title='bbox 1975 1713 2168 1784; x_wconf 82' lang='lat' dir='ltr'>lineae</span> <span class='ocrx_word' id='word_1_154' title='bbox 2225 1716 2297 1781; x_wconf 77' lang='lat' dir='ltr'>in</span> <span class='ocrx_word' id='word_1_155' title='bbox 2352 1705 2599 1803; x_wconf 84' lang='lat' dir='ltr'>sphaera</span> <span class='ocrx_word' id='word_1_156' title='bbox 2649 1708 2812 1778; x_wconf 79' lang='lat' dir='ltr'>circa</span> <span class='ocrx_word' id='word_1_157' title='bbox 2877 1732 3071 1779; x_wconf 77' lang='lat' dir='ltr'>axem</span> <span class='ocrx_word' id='word_1_158' title='bbox 3138 1727 3404 1782; x_wconf 89' lang='lat' dir='ltr'>rotante</span> <span class='ocrx_word' id='word_1_159' title='bbox 3449 1738 3474 1792; x_wconf 80' lang='lat'>,-</span> <span class='ocrx_word' id='word_1_160' title='bbox 3516 1706 3851 1783; x_wconf 72' lang='lat' dir='ltr'>fictionem</span> 
     </span>
     <span class='ocr_line' id='line_1_15' title="bbox 953 1803 3850 1907; baseline -0.001 -22"><span class='ocrx_word' id='word_1_161' title='bbox 953 1837 1194 1907; x_wconf 82' lang='lat' dir='ltr'><strong>nempe</strong></span> <span class='ocrx_word' id='word_1_162' title='bbox 1252 1814 1379 1884; x_wconf 86' lang='lat' dir='ltr'>hoc</span> <span class='ocrx_word' id='word_1_163' title='bbox 1421 1807 1544 1882; x_wconf 80' lang='lat' dir='ltr'>effe</span> <span class='ocrx_word' id='word_1_164' title='bbox 1591 1808 1836 1882; x_wconf 86' lang='lat' dir='ltr'>cerebri</span> <span class='ocrx_word' id='word_1_165' title='bbox 1889 1808 2335 1882; x_wconf 74' lang='lat' dir='ltr'>Geometrioiz</span> <span class='ocrx_word' id='word_1_166' title='bbox 2378 1809 2522 1901; x_wconf 67' lang='lat' dir='ltr'>quis</span> <span class='ocrx_word' id='word_1_167' title='bbox 2569 1806 2747 1881; x_wconf 90' lang='lat' dir='ltr'>euim</span> <span class='ocrx_word' id='word_1_168' title='bbox 2781 1803 3042 1876; x_wconf 84' lang='lat' dir='ltr'>dubitat</span> <span class='ocrx_word' id='word_1_169' title='bbox 3074 1853 3099 1891; x_wconf 88' lang='lat'>‚</span> <span class='ocrx_word' id='word_1_170' title='bbox 3146 1808 3303 1901; x_wconf 85' lang='lat' dir='ltr'>quin</span> <span class='ocrx_word' id='word_1_171' title='bbox 3358 1806 3603 1902; x_wconf 82' lang='lat' dir='ltr'>sphaera</span> <span class='ocrx_word' id='word_1_172' title='bbox 3646 1807 3850 1901; x_wconf 78' lang='lat' dir='ltr'>sphae-</span> 
     </span>
     <span class='ocr_line' id='line_1_16' title="bbox 932 1902 3850 2004; baseline -0.002 -21"><span class='ocrx_word' id='word_1_173' title='bbox 932 1935 1102 1983; x_wconf 75' lang='lat' dir='ltr'>-ram</span> <span class='ocrx_word' id='word_1_174' title='bbox 1147 1932 1412 2004; x_wconf 83' lang='lat' dir='ltr'>tanget-e</span> <span class='ocrx_word' id='word_1_175' title='bbox 1461 1905 1663 2001; x_wconf 82' lang='lat' dir='ltr'>poffit</span> <span class='ocrx_word' id='word_1_176' title='bbox 1706 1909 1963 1982; x_wconf 87' lang='lat' dir='ltr'>nemine</span> <span class='ocrx_word' id='word_1_177' title='bbox 2026 1902 2406 2001; x_wconf 78' lang='lat' dir='ltr'>cogitante?</span> <span class='ocrx_word' id='word_1_178' title='bbox 2485 1906 2574 1979; x_wconf 82' lang='lat' dir='ltr'>At</span> <span class='ocrx_word' id='word_1_179' title='bbox 2622 1902 3134 1997; x_wconf 79' lang='lat' dir='ltr'><strong>quotiescunque</strong></span> <span class='ocrx_word' id='word_1_180' title='bbox 3183 1906 3392 2001; x_wconf 84' lang='lat' dir='ltr'>tangit</span> <span class='ocrx_word' id='word_1_181' title='bbox 3432 1957 3456 1993; x_wconf 87' lang='lat'>‚</span> <span class='ocrx_word' id='word_1_182' title='bbox 3479 1931 3619 1991; x_wconf 66' lang='lat' dir='ltr'>⁸non</span> <span class='ocrx_word' id='word_1_183' title='bbox 3644 1904 3850 2000; x_wconf 88' lang='lat' dir='ltr'>potest</span> 
     </span>
     <span class='ocr_line' id='line_1_17' title="bbox 953 2000 3848 2100; baseline -0.001 -22"><span class='ocrx_word' id='word_1_184' title='bbox 953 2005 1078 2088; x_wconf 69' lang='lat' dir='ltr'>nifi</span> <span class='ocrx_word' id='word_1_185' title='bbox 1126 2009 1197 2080; x_wconf 85' lang='lat' dir='ltr'>in</span> <span class='ocrx_word' id='word_1_186' title='bbox 1240 2009 1433 2080; x_wconf 82' lang='lat' dir='ltr'>unico</span> <span class='ocrx_word' id='word_1_187' title='bbox 1488 2010 1759 2100; x_wconf 67' lang='lat' dir='ltr'>puncto.</span> <span class='ocrx_word' id='word_1_188' title='bbox 1859 2006 2101 2100; x_wconf 88' lang='lat' dir='ltr'><strong>Neque</strong></span> <span class='ocrx_word' id='word_1_189' title='bbox 2150 2004 2241 2079; x_wconf 88' lang='lat' dir='ltr'>est</span> <span class='ocrx_word' id='word_1_190' title='bbox 2262 2055 2288 2093; x_wconf 87' lang='lat'>,</span> <span class='ocrx_word' id='word_1_191' title='bbox 2343 2003 2526 2097; x_wconf 80' lang='lat' dir='ltr'>quod</span> <span class='ocrx_word' id='word_1_192' title='bbox 2564 2002 2734 2075; x_wconf 85' lang='lat' dir='ltr'>dicas</span> <span class='ocrx_word' id='word_1_193' title='bbox 2770 2053 2796 2090; x_wconf 92' lang='lat'>‚</span> <span class='ocrx_word' id='word_1_194' title='bbox 2835 2005 3155 2096; x_wconf 67' lang='lat' dir='ltr'>punctum</span> <span class='ocrx_word' id='word_1_195' title='bbox 3201 2004 3331 2076; x_wconf 87' lang='lat' dir='ltr'>hoc</span> <span class='ocrx_word' id='word_1_196' title='bbox 3364 2029 3505 2076; x_wconf 87' lang='lat' dir='ltr'>non</span> <span class='ocrx_word' id='word_1_197' title='bbox 3538 2000 3661 2076; x_wconf 85' lang='lat' dir='ltr'>effe</span> <span class='ocrx_word' id='word_1_198' title='bbox 3712 2027 3848 2076; x_wconf 86' lang='lat' dir='ltr'>rem</span> 
     </span>
     <span class='ocr_line' id='line_1_18' title="bbox 949 2098 3848 2198; baseline -0.001 -21"><span class='ocrx_word' id='word_1_199' title='bbox 949 2104 1048 2177; x_wconf 75' lang='lat' dir='ltr'>ab</span> <span class='ocrx_word' id='word_1_200' title='bbox 1082 2106 1215 2177; x_wconf 79' lang='lat' dir='ltr'>aliis</span> <span class='ocrx_word' id='word_1_201' title='bbox 1245 2156 1268 2193; x_wconf 89' lang='lat'>‚</span> <span class='ocrx_word' id='word_1_202' title='bbox 1310 2129 1464 2196; x_wconf 86' lang='lat' dir='ltr'>quae</span> <span class='ocrx_word' id='word_1_203' title='bbox 1527 2105 1598 2174; x_wconf 89' lang='lat' dir='ltr'>in</span> <span class='ocrx_word' id='word_1_204' title='bbox 1639 2104 1864 2176; x_wconf 89' lang='lat' dir='ltr'>eadem</span> <span class='ocrx_word' id='word_1_205' title='bbox 1919 2104 2170 2198; x_wconf 68' lang='lat' dir='ltr'>sphaera</span> <span class='ocrx_word' id='word_1_206' title='bbox 2217 2101 2408 2193; x_wconf 74' lang='lat' dir='ltr'>sunt,</span> <span class='ocrx_word' id='word_1_207' title='bbox 2463 2098 2823 2183; x_wconf 57' lang='lat' dir='ltr'>distinctam</span> <span class='ocrx_word' id='word_1_208' title='bbox 2872 2128 2914 2183; x_wconf 37' lang='lat'>3&lt;</span> <span class='ocrx_word' id='word_1_209' title='bbox 2965 2119 3081 2172; x_wconf 88' lang='lat' dir='ltr'>aut</span> <span class='ocrx_word' id='word_1_210' title='bbox 3130 2121 3349 2176; x_wconf 85' lang='lat' dir='ltr'>mente</span> <span class='ocrx_word' id='word_1_211' title='bbox 3436 2120 3695 2175; x_wconf 81' lang='lat' dir='ltr'>tantum</span> <span class='ocrx_word' id='word_1_212' title='bbox 3764 2104 3848 2175; x_wconf 83' lang='lat' dir='ltr'>ita</span> 
     </span>
     <span class='ocr_line' id='line_1_19' title="bbox 958 2198 3885 2294; baseline -0.001 -20"><span class='ocrx_word' id='word_1_213' title='bbox 958 2199 1234 2275; x_wconf 73' lang='lat' dir='ltr'>abstrahi</span> <span class='ocrx_word' id='word_1_214' title='bbox 1252 2233 1276 2286; x_wconf 81' lang='lat'>,-</span> <span class='ocrx_word' id='word_1_215' title='bbox 1315 2224 1545 2274; x_wconf 83' lang='lat' dir='ltr'>revera</span> <span class='ocrx_word' id='word_1_216' title='bbox 1611 2200 1972 2274; x_wconf 56' lang='lat' dir='ltr'>distinctam</span> <span class='ocrx_word' id='word_1_217' title='bbox 2020 2228 2159 2275; x_wconf 88' lang='lat' dir='ltr'>non</span> <span class='ocrx_word' id='word_1_218' title='bbox 2202 2199 2346 2273; x_wconf 74' lang='lat' dir='ltr'>este.</span> <span class='ocrx_word' id='word_1_219' title='bbox 2449 2202 2555 2273; x_wconf 85' lang='lat' dir='ltr'>De</span> <span class='ocrx_word' id='word_1_220' title='bbox 2599 2199 2794 2272; x_wconf 83' lang='lat' dir='ltr'>unico</span> <span class='ocrx_word' id='word_1_221' title='bbox 2843 2199 3019 2269; x_wconf 88' lang='lat' dir='ltr'>enim</span> <span class='ocrx_word' id='word_1_222' title='bbox 3055 2198 3181 2272; x_wconf 81' lang='lat' dir='ltr'>hoc</span> <span class='ocrx_word' id='word_1_223' title='bbox 3212 2203 3461 2294; x_wconf 66' lang='lat' dir='ltr'>puncto</span> <span class='ocrx_word' id='word_1_224' title='bbox 3515 2204 3849 2273; x_wconf 70' lang='lat' dir='ltr'>contactas</span> <span class='ocrx_word' id='word_1_225' title='bbox 3882 2238 3885 2241; x_wconf 35' lang='lat'>¹</span> 
     </span>
     <span class='ocr_line' id='line_1_20' title="bbox 929 2296 3845 2391; baseline -0.001 -20"><span class='ocrx_word' id='word_1_226' title='bbox 929 2322 1196 2371; x_wconf 83' lang='lat' dir='ltr'>·verum</span> <span class='ocrx_word' id='word_1_227' title='bbox 1232 2298 1373 2384; x_wconf 84' lang='lat' dir='ltr'>est,</span> <span class='ocrx_word' id='word_1_228' title='bbox 1428 2298 1607 2391; x_wconf 88' lang='lat' dir='ltr'>quod</span> <span class='ocrx_word' id='word_1_229' title='bbox 1645 2300 1727 2370; x_wconf 84' lang='lat' dir='ltr'>de</span> <span class='ocrx_word' id='word_1_230' title='bbox 1778 2300 1957 2371; x_wconf 79' lang='lat' dir='ltr'>nulla</span> <span class='ocrx_word' id='word_1_231' title='bbox 2001 2320 2317 2391; x_wconf 77' lang='lat' dir='ltr'>praeterea</span> <span class='ocrx_word' id='word_1_232' title='bbox 2369 2324 2442 2371; x_wconf 84' lang='lat' dir='ltr'>re</span> <span class='ocrx_word' id='word_1_233' title='bbox 2471 2327 2499 2382; x_wconf 78' lang='lat'>‚-</span> <span class='ocrx_word' id='word_1_234' title='bbox 2541 2296 2737 2387; x_wconf 89' lang='lat' dir='ltr'>idque</span> <span class='ocrx_word' id='word_1_235' title='bbox 2793 2296 3061 2367; x_wconf 86' lang='lat' dir='ltr'>nemine</span> <span class='ocrx_word' id='word_1_236' title='bbox 3108 2301 3458 2391; x_wconf 73' lang='lat' dir='ltr'>cogitante,</span> <span class='ocrx_word' id='word_1_237' title='bbox 3499 2297 3793 2369; x_wconf 79' lang='lat' dir='ltr'>videlicet</span> <span class='ocrx_word' id='word_1_238' title='bbox 3818 2347 3845 2381; x_wconf 80' lang='lat'>,</span> 
     </span>
     <span class='ocr_line' id='line_1_21' title="bbox 930 2391 3845 2489; baseline -0.001 -20"><span class='ocrx_word' id='word_1_239' title='bbox 930 2397 1093 2469; x_wconf 74' lang='lat' dir='ltr'>-iroc</span> <span class='ocrx_word' id='word_1_240' title='bbox 1122 2396 1389 2468; x_wconf 85' lang='lat' dir='ltr'>alteram</span> <span class='ocrx_word' id='word_1_241' title='bbox 1427 2394 1746 2488; x_wconf 82' lang='lat' dir='ltr'>sphaeram</span> <span class='ocrx_word' id='word_1_242' title='bbox 1787 2416 2071 2488; x_wconf 85' lang='lat' dir='ltr'>tangere.</span> <span class='ocrx_word' id='word_1_243' title='bbox 2207 2398 2297 2470; x_wconf 81' lang='lat' dir='ltr'>At</span> <span class='ocrx_word' id='word_1_244' title='bbox 2336 2397 2420 2468; x_wconf 84' lang='lat' dir='ltr'>de</span> <span class='ocrx_word' id='word_1_245' title='bbox 2461 2416 2596 2487; x_wconf 90' lang='lat' dir='ltr'>quo</span> <span class='ocrx_word' id='word_1_246' title='bbox 2658 2391 2796 2465; x_wconf 88' lang='lat' dir='ltr'>solo</span> <span class='ocrx_word' id='word_1_247' title='bbox 2842 2391 3155 2465; x_wconf 87' lang='lat' dir='ltr'>affirmari</span> <span class='ocrx_word' id='word_1_248' title='bbox 3198 2395 3408 2489; x_wconf 88' lang='lat' dir='ltr'>potest</span> <span class='ocrx_word' id='word_1_249' title='bbox 3459 2394 3845 2469; x_wconf 79' lang='lat' dir='ltr'>attributum</span> 
     </span>
     <span class='ocr_line' id='line_1_22' title="bbox 956 2490 3845 2589; baseline -0.001 -22"><span class='ocrx_word' id='word_1_250' title='bbox 956 2493 1168 2579; x_wconf 65' lang='lat' dir='ltr'>male,</span> <span class='ocrx_word' id='word_1_251' title='bbox 1208 2494 1393 2588; x_wconf 80' lang='lat' dir='ltr'>quod</span> <span class='ocrx_word' id='word_1_252' title='bbox 1437 2517 1574 2565; x_wconf 87' lang='lat' dir='ltr'>non</span> <span class='ocrx_word' id='word_1_253' title='bbox 1616 2495 1656 2563; x_wconf 74' lang='lat' dir='ltr'>a</span> <span class='ocrx_word' id='word_1_254' title='bbox 1694 2491 1828 2566; x_wconf 83' lang='lat' dir='ltr'>sola</span> <span class='ocrx_word' id='word_1_255' title='bbox 1873 2494 2141 2586; x_wconf 85' lang='lat' dir='ltr'>alicujus</span> <span class='ocrx_word' id='word_1_256' title='bbox 2187 2492 2583 2587; x_wconf 81' lang='lat' dir='ltr'>cogitatione</span> <span class='ocrx_word' id='word_1_257' title='bbox 2634 2490 2954 2585; x_wconf 87' lang='lat' dir='ltr'>dependet</span> <span class='ocrx_word' id='word_1_258' title='bbox 2976 2541 2998 2576; x_wconf 91' lang='lat'>,</span> <span class='ocrx_word' id='word_1_259' title='bbox 3052 2494 3118 2565; x_wconf 86' lang='lat'>&amp;</span> <span class='ocrx_word' id='word_1_260' title='bbox 3177 2494 3358 2585; x_wconf 89' lang='lat' dir='ltr'>quod</span> <span class='ocrx_word' id='word_1_261' title='bbox 3398 2496 3615 2589; x_wconf 88' lang='lat' dir='ltr'>negari</span> <span class='ocrx_word' id='word_1_262' title='bbox 3656 2491 3845 2565; x_wconf 84' lang='lat' dir='ltr'>debet</span> 
     </span>
     <span class='ocr_line' id='line_1_23' title="bbox 935 2588 3845 2686; baseline 0 -22"><span class='ocrx_word' id='word_1_263' title='bbox 935 2591 1047 2664; x_wconf 70' lang='lat' dir='ltr'>de</span> <span class='ocrx_word' id='word_1_264' title='bbox 1079 2592 1213 2663; x_wconf 78' lang='lat' dir='ltr'>aliis</span> <span class='ocrx_word' id='word_1_265' title='bbox 1252 2589 1559 2666; x_wconf 83' lang='lat' dir='ltr'>omnibus</span> <span class='ocrx_word' id='word_1_266' title='bbox 1576 2621 1602 2675; x_wconf 81' lang='lat'>‚-</span> <span class='ocrx_word' id='word_1_267' title='bbox 1647 2590 1712 2662; x_wconf 91' lang='lat' dir='ltr'>id</span> <span class='ocrx_word' id='word_1_268' title='bbox 1764 2617 1900 2664; x_wconf 90' lang='lat' dir='ltr'>non</span> <span class='ocrx_word' id='word_1_269' title='bbox 1938 2592 2151 2686; x_wconf 88' lang='lat' dir='ltr'>potest</span> <span class='ocrx_word' id='word_1_270' title='bbox 2194 2617 2332 2663; x_wconf 90' lang='lat' dir='ltr'>non</span> <span class='ocrx_word' id='word_1_271' title='bbox 2386 2590 2505 2667; x_wconf 65' lang='lat' dir='ltr'>effic</span> <span class='ocrx_word' id='word_1_272' title='bbox 2553 2591 2675 2660; x_wconf 76' lang='lat' dir='ltr'>res·</span> <span class='ocrx_word' id='word_1_273' title='bbox 2699 2591 2738 2660; x_wconf 72' lang='lat' dir='ltr'>a</span> <span class='ocrx_word' id='word_1_274' title='bbox 2791 2589 3039 2662; x_wconf 79' lang='lat' dir='ltr'>caeteris</span> <span class='ocrx_word' id='word_1_275' title='bbox 3084 2590 3395 2666; x_wconf 63' lang='lat' dir='ltr'>distincta.</span> <span class='ocrx_word' id='word_1_276' title='bbox 3515 2588 3845 2667; x_wconf 76' lang='lat' dir='ltr'>Habemus</span> 
     </span>
     <span class='ocr_line' id='line_1_24' title="bbox 957 2686 2826 2785; baseline -0.004 -21"><span class='ocrx_word' id='word_1_277' title='bbox 957 2692 1160 2785; x_wconf 62' lang='lat' dir='ltr'>iffl&#39;tur</span> <span class='ocrx_word' id='word_1_278' title='bbox 1211 2713 1510 2764; x_wconf 88' lang='lat' dir='ltr'>atomum</span> <span class='ocrx_word' id='word_1_279' title='bbox 1533 2742 1555 2776; x_wconf 85' lang='lat'><em>‚</em></span> <span class='ocrx_word' id='word_1_280' title='bbox 1597 2714 1876 2784; x_wconf 84' lang='lat' dir='ltr'>eamque</span> <span class='ocrx_word' id='word_1_281' title='bbox 1906 2712 2071 2764; x_wconf 76' lang='lat' dir='ltr'>‘rem</span> <span class='ocrx_word' id='word_1_282' title='bbox 2115 2686 2201 2762; x_wconf 82' lang='lat' dir='ltr'>ab</span> <span class='ocrx_word' id='word_1_283' title='bbox 2246 2691 2383 2763; x_wconf 85' lang='lat' dir='ltr'>aliis</span> <span class='ocrx_word' id='word_1_284' title='bbox 2441 2689 2826 2767; x_wconf 62' lang='lat' dir='ltr'>distinctam.</span> 
     </span>
    </p>

    <p class='ocr_par' dir='ltr' id='par_1_4' title="bbox 925 2785 3879 3474">
     <span class='ocr_line' id='line_1_25' title="bbox 1149 2785 3847 2888; baseline -0.002 -25"><span class='ocrx_word' id='word_1_285' title='bbox 1149 2791 1354 2870; x_wconf 84' lang='lat' dir='ltr'>XIX.</span> <span class='ocrx_word' id='word_1_286' title='bbox 1418 2789 1484 2862; x_wconf 88' lang='lat' dir='ltr'>Si</span> <span class='ocrx_word' id='word_1_287' title='bbox 1532 2791 1674 2883; x_wconf 81' lang='lat' dir='ltr'>quis</span> <span class='ocrx_word' id='word_1_288' title='bbox 1714 2815 1876 2864; x_wconf 80' lang='lat' dir='ltr'>vero</span> <span class='ocrx_word' id='word_1_289' title='bbox 1917 2789 2010 2864; x_wconf 87' lang='lat' dir='ltr'>ita</span> <span class='ocrx_word' id='word_1_290' title='bbox 2054 2785 2206 2863; x_wconf 81' lang='lat' dir='ltr'>ess&#39;et</span> <span class='ocrx_word' id='word_1_291' title='bbox 2256 2788 2716 2888; x_wconf 60' lang='lat' dir='ltr'>dyemuivgm&amp;</span> <span class='ocrx_word' id='word_1_292' title='bbox 2740 2837 2764 2873; x_wconf 86' lang='lat'>‚</span> <span class='ocrx_word' id='word_1_293' title='bbox 2806 2804 2883 2860; x_wconf 89' lang='lat' dir='ltr'>ut</span> <span class='ocrx_word' id='word_1_294' title='bbox 2939 2785 3256 2882; x_wconf 80' lang='lat' dir='ltr'>sphaeram</span> <span class='ocrx_word' id='word_1_295' title='bbox 3305 2789 3372 2860; x_wconf 90' lang='lat' dir='ltr'>in</span> <span class='ocrx_word' id='word_1_296' title='bbox 3419 2790 3615 2866; x_wconf 85' lang='lat' dir='ltr'>unico</span> <span class='ocrx_word' id='word_1_297' title='bbox 3650 2811 3847 2882; x_wconf 57' lang='lat' dir='ltr'>pune-⁴</span> 
     </span>
     <span class='ocr_line' id='line_1_26' title="bbox 963 2884 3847 2981; baseline -0 -23"><span class='ocrx_word' id='word_1_298' title='bbox 963 2904 1044 2958; x_wconf 65' lang='grc' dir='ltr'>ιο</span> <span class='ocrx_word' id='word_1_299' title='bbox 1087 2887 1287 2960; x_wconf 81' lang='lat' dir='ltr'>aliam</span> <span class='ocrx_word' id='word_1_300' title='bbox 1333 2887 1651 2978; x_wconf 85' lang='lat' dir='ltr'>sphaeram</span> <span class='ocrx_word' id='word_1_301' title='bbox 1675 2939 1699 2974; x_wconf 87' lang='lat'>,</span> <span class='ocrx_word' id='word_1_302' title='bbox 1751 2911 1868 2961; x_wconf 86' lang='lat' dir='ltr'>aut</span> <span class='ocrx_word' id='word_1_303' title='bbox 1895 2938 1919 2975; x_wconf 91' lang='lat'>,</span> <span class='ocrx_word' id='word_1_304' title='bbox 1964 2889 2145 2981; x_wconf 89' lang='lat' dir='ltr'>quod</span> <span class='ocrx_word' id='word_1_305' title='bbox 2182 2885 2356 2968; x_wconf 85' lang='lat' dir='ltr'>idem</span> <span class='ocrx_word' id='word_1_306' title='bbox 2397 2886 2527 2974; x_wconf 86' lang='lat' dir='ltr'>est,</span> <span class='ocrx_word' id='word_1_307' title='bbox 2579 2887 2847 2980; x_wconf 83' lang='lat' dir='ltr'>planum</span> <span class='ocrx_word' id='word_1_308' title='bbox 2889 2907 3150 2980; x_wconf 86' lang='lat' dir='ltr'>tangere</span> <span class='ocrx_word' id='word_1_309' title='bbox 3196 2885 3506 2958; x_wconf 83' lang='lat' dir='ltr'>nesciret:</span> <span class='ocrx_word' id='word_1_310' title='bbox 3550 2891 3602 2959; x_wconf 73' lang='lat' dir='ltr'>is</span> <span class='ocrx_word' id='word_1_311' title='bbox 3632 2884 3847 2960; x_wconf 83' lang='lat' dir='ltr'>fortas-</span> 
     </span>
     <span class='ocr_line' id='line_1_27' title="bbox 925 2975 3835 3079; baseline -0.001 -20"><span class='ocrx_word' id='word_1_312' title='bbox 925 2981 1034 3059; x_wconf 75' lang='lat' dir='ltr'>-se</span> <span class='ocrx_word' id='word_1_313' title='bbox 1070 3009 1205 3056; x_wconf 86' lang='lat' dir='ltr'>non</span> <span class='ocrx_word' id='word_1_314' title='bbox 1252 2986 1515 3075; x_wconf 88' lang='lat' dir='ltr'>negabit</span> <span class='ocrx_word' id='word_1_315' title='bbox 1557 3034 1583 3070; x_wconf 88' lang='lat'><strong>,</strong></span> <span class='ocrx_word' id='word_1_316' title='bbox 1630 2975 1883 3058; x_wconf 75' lang='lat' dir='ltr'>comsm</span> <span class='ocrx_word' id='word_1_317' title='bbox 1907 3035 1934 3071; x_wconf 84' lang='lat'>,</span> <span class='ocrx_word' id='word_1_318' title='bbox 1982 2986 2246 3077; x_wconf 89' lang='lat' dir='ltr'>quando</span> <span class='ocrx_word' id='word_1_319' title='bbox 2295 2987 2535 3056; x_wconf 83' lang='lat' dir='ltr'>vertice</span> <span class='ocrx_word' id='word_1_320' title='bbox 2578 2984 2694 3056; x_wconf 92' lang='lat' dir='ltr'>suo</span> <span class='ocrx_word' id='word_1_321' title='bbox 2723 3034 2748 3069; x_wconf 87' lang='lat'>‚</span> <span class='ocrx_word' id='word_1_322' title='bbox 2812 2986 2992 3079; x_wconf 89' lang='lat' dir='ltr'>quod</span> <span class='ocrx_word' id='word_1_323' title='bbox 3032 2987 3296 3056; x_wconf 84' lang='lat' dir='ltr'>unicum</span> <span class='ocrx_word' id='word_1_324' title='bbox 3344 2988 3669 3079; x_wconf 65' lang='lat' dir='ltr'>punctum</span> <span class='ocrx_word' id='word_1_325' title='bbox 3710 2985 3835 3069; x_wconf 84' lang='lat' dir='ltr'>est,</span> 
     </span>
     <span class='ocr_line' id='line_1_28' title="bbox 927 3079 3845 3183; baseline 0.002 -32"><span class='ocrx_word' id='word_1_326' title='bbox 927 3082 1239 3183; x_wconf 72' lang='lat' dir='ltr'>-planum</span> <span class='ocrx_word' id='word_1_327' title='bbox 1287 3085 1495 3176; x_wconf 86' lang='lat' dir='ltr'>tangit</span> <span class='ocrx_word' id='word_1_328' title='bbox 1541 3108 1560 3153; x_wconf 74' lang='lat' dir='ltr'>t</span> <span class='ocrx_word' id='word_1_329' title='bbox 1607 3084 1801 3156; x_wconf 87' lang='lat' dir='ltr'>unico</span> <span class='ocrx_word' id='word_1_330' title='bbox 1849 3083 1918 3152; x_wconf 89' lang='lat' dir='ltr'>id</span> <span class='ocrx_word' id='word_1_331' title='bbox 1961 3086 2207 3173; x_wconf 70' lang='lat' dir='ltr'>punao</span> <span class='ocrx_word' id='word_1_332' title='bbox 2249 3099 2531 3171; x_wconf 84' lang='lat' dir='ltr'>tangere.</span> <span class='ocrx_word' id='word_1_333' title='bbox 2651 3083 2889 3152; x_wconf 83' lang='lat' dir='ltr'>Talem</span> <span class='ocrx_word' id='word_1_334' title='bbox 2936 3099 3157 3154; x_wconf 87' lang='lat' dir='ltr'>autem</span> <span class='ocrx_word' id='word_1_335' title='bbox 3200 3106 3441 3154; x_wconf 87' lang='lat' dir='ltr'>conum</span> <span class='ocrx_word' id='word_1_336' title='bbox 3466 3132 3496 3169; x_wconf 86' lang='lat'>,</span> <span class='ocrx_word' id='word_1_337' title='bbox 3546 3079 3598 3154; x_wconf 84' lang='lat' dir='ltr'>fi</span> <span class='ocrx_word' id='word_1_338' title='bbox 3642 3084 3715 3153; x_wconf 85' lang='lat' dir='ltr'>in</span> <span class='ocrx_word' id='word_1_339' title='bbox 3753 3109 3845 3158; x_wconf 84' lang='lat' dir='ltr'>re-</span> 
     </span>
     <span class='ocr_line' id='line_1_29' title="bbox 937 3176 3846 3274; baseline -0 -19"><span class='ocrx_word' id='word_1_340' title='bbox 937 3207 1105 3262; x_wconf 63' lang='lat' dir='ltr'>tum</span> <span class='ocrx_word' id='word_1_341' title='bbox 1157 3201 1389 3254; x_wconf 84' lang='lat' dir='ltr'>natura</span> <span class='ocrx_word' id='word_1_342' title='bbox 1433 3181 1571 3253; x_wconf 87' lang='lat' dir='ltr'>dari</span> <span class='ocrx_word' id='word_1_343' title='bbox 1619 3177 1792 3274; x_wconf 71' lang='lat' dir='ltr'>poffe</span> <span class='ocrx_word' id='word_1_344' title='bbox 1835 3179 2060 3272; x_wconf 83' lang='lat' dir='ltr'>aliquis</span> <span class='ocrx_word' id='word_1_345' title='bbox 2136 3196 2401 3271; x_wconf 87' lang='lat' dir='ltr'>negaret</span> <span class='ocrx_word' id='word_1_346' title='bbox 2425 3226 2449 3263; x_wconf 90' lang='lat'>,</span> <span class='ocrx_word' id='word_1_347' title='bbox 2490 3201 2864 3272; x_wconf 87' lang='lat' dir='ltr'>quanquam</span> <span class='ocrx_word' id='word_1_348' title='bbox 2936 3179 3004 3249; x_wconf 89' lang='lat' dir='ltr'>id</span> <span class='ocrx_word' id='word_1_349' title='bbox 3059 3176 3500 3258; x_wconf 85' lang='lat' dir='ltr'>absurdiffime</span> <span class='ocrx_word' id='word_1_350' title='bbox 3563 3179 3846 3267; x_wconf 67' lang='lat' dir='ltr'>ficeret,</span> 
     </span>
     <span class='ocr_line' id='line_1_30' title="bbox 945 3274 3879 3374; baseline -0.001 -22"><span class='ocrx_word' id='word_1_351' title='bbox 945 3305 1164 3374; x_wconf 77' lang='lat' dir='ltr'>neque</span> <span class='ocrx_word' id='word_1_352' title='bbox 1193 3280 1416 3350; x_wconf 80' lang='lat' dir='ltr'>ullam</span> <span class='ocrx_word' id='word_1_353' title='bbox 1464 3301 1759 3372; x_wconf 84' lang='lat' dir='ltr'>unquam</span> <span class='ocrx_word' id='word_1_354' title='bbox 1812 3277 1917 3348; x_wconf 80' lang='lat' dir='ltr'>hic</span> <span class='ocrx_word' id='word_1_355' title='bbox 1971 3276 2472 3368; x_wconf 84' lang='lat' dir='ltr'>repugnantiam</span> <span class='ocrx_word' id='word_1_356' title='bbox 2515 3276 2848 3348; x_wconf 87' lang='lat' dir='ltr'>ostendere</span> <span class='ocrx_word' id='word_1_357' title='bbox 2897 3274 3102 3367; x_wconf 82' lang='lat' dir='ltr'>poffet</span> <span class='ocrx_word' id='word_1_358' title='bbox 3141 3306 3162 3358; x_wconf 78' lang='lat'>3</span> <span class='ocrx_word' id='word_1_359' title='bbox 3209 3299 3289 3359; x_wconf 78' lang='lat' dir='ltr'>ut</span> <span class='ocrx_word' id='word_1_360' title='bbox 3338 3282 3403 3351; x_wconf 75' lang='grc' dir='ltr'>δι</span> <span class='ocrx_word' id='word_1_361' title='bbox 3451 3278 3602 3350; x_wconf 87' lang='lat' dir='ltr'>huic</span> <span class='ocrx_word' id='word_1_362' title='bbox 3645 3280 3879 3372; x_wconf 46' lang='lat' dir='ltr'>impe,</span> 
     </span>
     <span class='ocr_line' id='line_1_31' title="bbox 946 3373 3846 3474; baseline -0.001 -21"><span class='ocrx_word' id='word_1_363' title='bbox 946 3379 1132 3456; x_wconf 62' lang='lat' dir='ltr'>fitiae·</span> <span class='ocrx_word' id='word_1_364' title='bbox 1171 3377 1616 3449; x_wconf 81' lang='lat' dir='ltr'><strong>succurramus</strong></span> <span class='ocrx_word' id='word_1_365' title='bbox 1642 3427 1668 3464; x_wconf 88' lang='lat'>‚</span> <span class='ocrx_word' id='word_1_366' title='bbox 1719 3401 1804 3453; x_wconf 87' lang='lat' dir='ltr'>en</span> <span class='ocrx_word' id='word_1_367' title='bbox 1849 3373 2025 3452; x_wconf 85' lang='lat' dir='ltr'>aliud</span> <span class='ocrx_word' id='word_1_368' title='bbox 2072 3375 2144 3448; x_wconf 81' lang='lat' dir='ltr'>in</span> <span class='ocrx_word' id='word_1_369' title='bbox 2205 3375 2343 3467; x_wconf 84' lang='lat' dir='ltr'>ejus</span> <span class='ocrx_word' id='word_1_370' title='bbox 2380 3377 2656 3474; x_wconf 83' lang='lat' dir='ltr'>gratiam</span> <span class='ocrx_word' id='word_1_371' title='bbox 2709 3393 3168 3467; x_wconf 71' lang='lat' dir='ltr'>argumentum</span> <span class='ocrx_word' id='word_1_372' title='bbox 3210 3426 3236 3464; x_wconf 82' lang='lat'><em>‚</em></span> <span class='ocrx_word' id='word_1_373' title='bbox 3264 3375 3466 3471; x_wconf 44' lang='lat' dir='ltr'>‘quod</span> <span class='ocrx_word' id='word_1_374' title='bbox 3506 3397 3712 3448; x_wconf 83' lang='lat' dir='ltr'>nemo</span> <span class='ocrx_word' id='word_1_375' title='bbox 3756 3375 3846 3450; x_wconf 87' lang='lat' dir='ltr'>est</span> 
     </span>
    </p>

    <p class='ocr_par' dir='ltr' id='par_1_5' title="bbox 943 3472 3156 3574">
     <span class='ocr_line' id='line_1_32' title="bbox 943 3472 3156 3574; baseline 0.003 -26"><span class='ocrx_word' id='word_1_376' title='bbox 943 3477 1115 3574; x_wconf 82' lang='lat' dir='ltr'>quin</span> <span class='ocrx_word' id='word_1_377' title='bbox 1159 3498 1392 3567; x_wconf 77' lang='lat' dir='ltr'>capere</span> <span class='ocrx_word' id='word_1_378' title='bbox 1430 3472 1644 3569; x_wconf 84' lang='lat' dir='ltr'>poffit.</span> <span class='ocrx_word' id='word_1_379' title='bbox 2278 3549 2283 3560; x_wconf 69' lang='grc'>,</span> <span class='ocrx_word' id='word_1_380' title='bbox 3148 3547 3156 3554; x_wconf 95' lang='grc'>.</span> 
     </span>
    </p>

    <p class='ocr_par' dir='ltr' id='par_1_6' title="bbox 925 3567 3850 4819">
     <span class='ocr_line' id='line_1_33' title="bbox 1144 3567 3847 3669; baseline -0.001 -24"><span class='ocrx_word' id='word_1_381' title='bbox 1144 3574 1307 3645; x_wconf 88' lang='lat' dir='ltr'>XX.</span> <span class='ocrx_word' id='word_1_382' title='bbox 1381 3577 1726 3669; x_wconf 84' lang='lat' dir='ltr'>Concipiat</span> <span class='ocrx_word' id='word_1_383' title='bbox 1761 3576 1969 3668; x_wconf 74' lang='lat' dir='ltr'>igitur</span> <span class='ocrx_word' id='word_1_384' title='bbox 2013 3575 2066 3644; x_wconf 86' lang='lat' dir='ltr'>is</span> <span class='ocrx_word' id='word_1_385' title='bbox 2116 3622 2142 3659; x_wconf 84' lang='lat'>‚</span> <span class='ocrx_word' id='word_1_386' title='bbox 2180 3596 2420 3665; x_wconf 85' lang='lat' dir='ltr'>corpus</span> <span class='ocrx_word' id='word_1_387' title='bbox 2472 3569 2806 3663; x_wconf 88' lang='lat' dir='ltr'>quoddam</span> <span class='ocrx_word' id='word_1_388' title='bbox 2879 3567 3148 3644; x_wconf 87' lang='lat' dir='ltr'>solidum</span> <span class='ocrx_word' id='word_1_389' title='bbox 3212 3623 3236 3660; x_wconf 88' lang='lat'>‚</span> <span class='ocrx_word' id='word_1_390' title='bbox 3305 3575 3564 3668; x_wconf 87' lang='lat' dir='ltr'>planam</span> <span class='ocrx_word' id='word_1_391' title='bbox 3596 3570 3847 3645; x_wconf 76' lang='lat' dir='ltr'>habens</span> 
     </span>
     <span class='ocr_line' id='line_1_34' title="bbox 943 3668 3850 3767; baseline -0.001 -24"><span class='ocrx_word' id='word_1_392' title='bbox 943 3689 1321 3753; x_wconf 65' lang='lat' dir='ltr'>extremam</span> <span class='ocrx_word' id='word_1_393' title='bbox 1382 3671 1830 3767; x_wconf 84' lang='lat' dir='ltr'>superficiem,</span> <span class='ocrx_word' id='word_1_394' title='bbox 1882 3698 1947 3743; x_wconf 89' lang='lat' dir='ltr'>v.</span> <span class='ocrx_word' id='word_1_395' title='bbox 2085 3723 2104 3739; x_wconf 88' lang='lat'><strong>.</strong></span> <span class='ocrx_word' id='word_1_396' title='bbox 2158 3668 2405 3746; x_wconf 88' lang='lat' dir='ltr'>cubum</span> <span class='ocrx_word' id='word_1_397' title='bbox 2428 3720 2452 3757; x_wconf 88' lang='lat'>,</span> <span class='ocrx_word' id='word_1_398' title='bbox 2502 3690 2766 3762; x_wconf 87' lang='lat' dir='ltr'>tangere</span> <span class='ocrx_word' id='word_1_399' title='bbox 2813 3670 3075 3758; x_wconf 86' lang='lat' dir='ltr'>planam</span> <span class='ocrx_word' id='word_1_400' title='bbox 3147 3668 3549 3766; x_wconf 84' lang='lat' dir='ltr'>superficiem</span> <span class='ocrx_word' id='word_1_401' title='bbox 3594 3671 3850 3745; x_wconf 79' lang='lat' dir='ltr'>alterius</span> 
     </span>
     <span class='ocr_line' id='line_1_35' title="bbox 945 3765 3848 3863; baseline -0.001 -21"><span class='ocrx_word' id='word_1_402' title='bbox 945 3769 1293 3854; x_wconf 70' lang='lat' dir='ltr'>cujusdam</span> <span class='ocrx_word' id='word_1_403' title='bbox 1339 3771 1636 3863; x_wconf 85' lang='lat' dir='ltr'>corporis</span> <span class='ocrx_word' id='word_1_404' title='bbox 1673 3766 1875 3840; x_wconf 86' lang='lat' dir='ltr'>solidi.</span> <span class='ocrx_word' id='word_1_405' title='bbox 2053 3767 2183 3839; x_wconf 85' lang='lat' dir='ltr'>ulla</span> <span class='ocrx_word' id='word_1_406' title='bbox 2238 3770 2343 3840; x_wconf 87' lang='lat' dir='ltr'>hic</span> <span class='ocrx_word' id='word_1_407' title='bbox 2386 3793 2552 3860; x_wconf 76' lang='lat' dir='ltr'>opus</span> <span class='ocrx_word' id='word_1_408' title='bbox 2602 3765 2693 3837; x_wconf 80' lang='lat' dir='ltr'>est</span> <span class='ocrx_word' id='word_1_409' title='bbox 2735 3767 3160 3855; x_wconf 66' lang='lat' dir='ltr'>Geomeffla,</span> <span class='ocrx_word' id='word_1_410' title='bbox 3223 3793 3301 3843; x_wconf 86' lang='lat' dir='ltr'>ut</span> <span class='ocrx_word' id='word_1_411' title='bbox 3347 3769 3579 3842; x_wconf 84' lang='lat' dir='ltr'>sciatur</span> <span class='ocrx_word' id='word_1_412' title='bbox 3609 3820 3635 3856; x_wconf 89' lang='lat'><strong><em>,</em></strong></span> <span class='ocrx_word' id='word_1_413' title='bbox 3692 3792 3848 3840; x_wconf 84' lang='lat' dir='ltr'>con-</span> 
     </span>
     <span class='ocr_line' id='line_1_36' title="bbox 939 3860 3844 3961; baseline 0.002 -28"><span class='ocrx_word' id='word_1_414' title='bbox 939 3862 1388 3943; x_wconf 59' lang='lat' dir='ltr'>tactumafieri</span> <span class='ocrx_word' id='word_1_415' title='bbox 1433 3868 1503 3937; x_wconf 88' lang='lat' dir='ltr'>in</span> <span class='ocrx_word' id='word_1_416' title='bbox 1548 3863 1678 3936; x_wconf 76' lang='lat' dir='ltr'>sola</span> <span class='ocrx_word' id='word_1_417' title='bbox 1729 3860 2080 3957; x_wconf 83' lang='lat' dir='ltr'>superficie.</span> <span class='ocrx_word' id='word_1_418' title='bbox 2199 3866 2265 3936; x_wconf 89' lang='lat' dir='ltr'>Si</span> <span class='ocrx_word' id='word_1_419' title='bbox 2319 3866 2515 3958; x_wconf 84' lang='lat' dir='ltr'>igitur</span> <span class='ocrx_word' id='word_1_420' title='bbox 2568 3887 2653 3938; x_wconf 84' lang='lat' dir='ltr'>ex</span> <span class='ocrx_word' id='word_1_421' title='bbox 2698 3883 2765 3933; x_wconf 83' lang='lat' dir='ltr'>te</span> <span class='ocrx_word' id='word_1_422' title='bbox 2818 3888 3049 3954; x_wconf 84' lang='lat' dir='ltr'>quaero</span> <span class='ocrx_word' id='word_1_423' title='bbox 3073 3917 3097 3953; x_wconf 85' lang='lat'><em>,</em></span> <span class='ocrx_word' id='word_1_424' title='bbox 3128 3868 3283 3959; x_wconf 88' lang='lat' dir='ltr'>quid</span> <span class='ocrx_word' id='word_1_425' title='bbox 3327 3888 3552 3961; x_wconf 82' lang='lat' dir='ltr'>tangat</span> <span class='ocrx_word' id='word_1_426' title='bbox 3576 3868 3844 3960; x_wconf 87' lang='lat' dir='ltr'>planum</span> 
     </span>
     <span class='ocr_line' id='line_1_37' title="bbox 945 3955 3828 4058; baseline 0.003 -30"><span class='ocrx_word' id='word_1_427' title='bbox 945 3960 1112 4038; x_wconf 75' lang='lat' dir='ltr'>&#39;illud</span> <span class='ocrx_word' id='word_1_428' title='bbox 1133 4011 1156 4045; x_wconf 91' lang='lat'><strong>,</strong></span> <span class='ocrx_word' id='word_1_429' title='bbox 1201 3960 1614 4052; x_wconf 81' lang='lat' dir='ltr'>respondebis</span> <span class='ocrx_word' id='word_1_430' title='bbox 1648 4009 1673 4044; x_wconf 88' lang='lat'>,</span> <span class='ocrx_word' id='word_1_431' title='bbox 1734 3957 2137 4052; x_wconf 80' lang='lat' dir='ltr'>superficiem</span> <span class='ocrx_word' id='word_1_432' title='bbox 2185 3958 2380 4030; x_wconf 81' lang='lat' dir='ltr'>cubi:</span> <span class='ocrx_word' id='word_1_433' title='bbox 2440 3986 2596 4053; x_wconf 85' lang='lat' dir='ltr'>ergo</span> <span class='ocrx_word' id='word_1_434' title='bbox 2659 3955 3021 4052; x_wconf 86' lang='lat' dir='ltr'>superficies</span> <span class='ocrx_word' id='word_1_435' title='bbox 3064 3963 3305 4058; x_wconf 85' lang='lat' dir='ltr'>aliquid</span> <span class='ocrx_word' id='word_1_436' title='bbox 3353 3964 3442 4036; x_wconf 90' lang='lat' dir='ltr'>est</span> <span class='ocrx_word' id='word_1_437' title='bbox 3464 3967 3509 4035; x_wconf 81' lang='lat'><em>?</em></span> <span class='ocrx_word' id='word_1_438' title='bbox 3580 3967 3828 4037; x_wconf 80' lang='lat' dir='ltr'>annuis.</span> 
     </span>
     <span class='ocr_line' id='line_1_38' title="bbox 944 4054 3844 4154; baseline 0.003 -30"><span class='ocrx_word' id='word_1_439' title='bbox 944 4055 1102 4152; x_wconf 79' lang='lat' dir='ltr'>Jam</span> <span class='ocrx_word' id='word_1_440' title='bbox 1163 4081 1390 4147; x_wconf 86' lang='lat' dir='ltr'>quaero</span> <span class='ocrx_word' id='word_1_441' title='bbox 1411 4087 1436 4140; x_wconf 82' lang='lat'>‚-</span> <span class='ocrx_word' id='word_1_442' title='bbox 1489 4083 1572 4129; x_wconf 85' lang='lat' dir='ltr'>an</span> <span class='ocrx_word' id='word_1_443' title='bbox 1617 4058 1796 4129; x_wconf 79' lang='lat' dir='ltr'>aliud</span> <span class='ocrx_word' id='word_1_444' title='bbox 1827 4110 1849 4144; x_wconf 88' lang='lat'>‚</span> <span class='ocrx_word' id='word_1_445' title='bbox 1897 4074 2134 4149; x_wconf 83' lang='lat' dir='ltr'>praeter</span> <span class='ocrx_word' id='word_1_446' title='bbox 2181 4054 2589 4147; x_wconf 73' lang='lat' dir='ltr'>superficiem</span> <span class='ocrx_word' id='word_1_447' title='bbox 2632 4055 2835 4143; x_wconf 87' lang='lat' dir='ltr'>cubi,</span> <span class='ocrx_word' id='word_1_448' title='bbox 2883 4085 3147 4153; x_wconf 88' lang='lat' dir='ltr'>quoque</span> <span class='ocrx_word' id='word_1_449' title='bbox 3182 4065 3392 4154; x_wconf 81' lang='lat' dir='ltr'>tangit</span> <span class='ocrx_word' id='word_1_450' title='bbox 3438 4062 3703 4153; x_wconf 85' lang='lat' dir='ltr'>planum</span> <span class='ocrx_word' id='word_1_451' title='bbox 3736 4065 3844 4132; x_wconf 82' lang='lat' dir='ltr'>da-</span> 
     </span>
     <span class='ocr_line' id='line_1_39' title="bbox 931 4150 3845 4250; baseline 0.002 -27"><span class='ocrx_word' id='word_1_452' title='bbox 931 4173 1100 4235; x_wconf 66' lang='lat' dir='ltr'>·tum</span> <span class='ocrx_word' id='word_1_453' title='bbox 1126 4151 1165 4230; x_wconf 69' lang='grc' dir='ltr'><strong><em>ἓ</em></strong></span> <span class='ocrx_word' id='word_1_454' title='bbox 1238 4155 1475 4248; x_wconf 80' lang='lat' dir='ltr'>Negas.</span> <span class='ocrx_word' id='word_1_455' title='bbox 1568 4156 1742 4247; x_wconf 68' lang='lat' dir='ltr'>Ergo</span> <span class='ocrx_word' id='word_1_456' title='bbox 1789 4157 1897 4227; x_wconf 87' lang='lat' dir='ltr'>illa</span> <span class='ocrx_word' id='word_1_457' title='bbox 1931 4150 2337 4247; x_wconf 71' lang='lat' dir='ltr'>superficies,</span> <span class='ocrx_word' id='word_1_458' title='bbox 2391 4180 2544 4247; x_wconf 75' lang='lat' dir='ltr'>quae</span> <span class='ocrx_word' id='word_1_459' title='bbox 2614 4158 2869 4250; x_wconf 81' lang='lat' dir='ltr'>tangit,</span> <span class='ocrx_word' id='word_1_460' title='bbox 2931 4158 3021 4229; x_wconf 84' lang='lat' dir='ltr'>est</span> <span class='ocrx_word' id='word_1_461' title='bbox 3066 4185 3166 4232; x_wconf 84' lang='lat' dir='ltr'>res</span> <span class='ocrx_word' id='word_1_462' title='bbox 3226 4160 3520 4232; x_wconf 64' lang='lat' dir='ltr'>distincta</span> <span class='ocrx_word' id='word_1_463' title='bbox 3554 4159 3642 4233; x_wconf 88' lang='lat' dir='ltr'>ab</span> <span class='ocrx_word' id='word_1_464' title='bbox 3712 4158 3845 4230; x_wconf 82' lang='lat' dir='ltr'>aliis</span> 
     </span>
     <span class='ocr_line' id='line_1_40' title="bbox 925 4248 3846 4345; baseline 0.002 -23"><span class='ocrx_word' id='word_1_465' title='bbox 925 4248 1148 4332; x_wconf 44' lang='grc' dir='ltr'>«ὤας</span> <span class='ocrx_word' id='word_1_466' title='bbox 1189 4252 1262 4326; x_wconf 32' lang='lat' dir='ltr'>*in</span> <span class='ocrx_word' id='word_1_467' title='bbox 1313 4252 1485 4328; x_wconf 86' lang='lat' dir='ltr'>cubo</span> <span class='ocrx_word' id='word_1_468' title='bbox 1523 4305 1546 4339; x_wconf 89' lang='lat'>,</span> <span class='ocrx_word' id='word_1_469' title='bbox 1592 4278 1749 4345; x_wconf 83' lang='lat' dir='ltr'>quae</span> <span class='ocrx_word' id='word_1_470' title='bbox 1790 4278 1927 4326; x_wconf 87' lang='lat' dir='ltr'>non</span> <span class='ocrx_word' id='word_1_471' title='bbox 1967 4270 2265 4345; x_wconf 86' lang='lat' dir='ltr'>tangunt.</span> <span class='ocrx_word' id='word_1_472' title='bbox 2365 4253 2582 4327; x_wconf 82' lang='lat' dir='ltr'>Potest</span> <span class='ocrx_word' id='word_1_473' title='bbox 2634 4280 2795 4326; x_wconf 82' lang='lat' dir='ltr'>vero</span> <span class='ocrx_word' id='word_1_474' title='bbox 2841 4281 2942 4329; x_wconf 79' lang='lat' dir='ltr'>res</span> <span class='ocrx_word' id='word_1_475' title='bbox 2992 4254 3078 4327; x_wconf 90' lang='lat' dir='ltr'>ab</span> <span class='ocrx_word' id='word_1_476' title='bbox 3119 4260 3242 4331; x_wconf 81' lang='lat' dir='ltr'>alia</span> <span class='ocrx_word' id='word_1_477' title='bbox 3288 4282 3356 4329; x_wconf 89' lang='lat' dir='ltr'>re</span> <span class='ocrx_word' id='word_1_478' title='bbox 3405 4257 3711 4330; x_wconf 52' lang='lat' dir='ltr'>distincta</span> <span class='ocrx_word' id='word_1_479' title='bbox 3757 4254 3846 4328; x_wconf 85' lang='lat' dir='ltr'>se·</span> 
     </span>
     <span class='ocr_line' id='line_1_41' title="bbox 949 4348 3844 4450; baseline 0 -29"><span class='ocrx_word' id='word_1_480' title='bbox 949 4354 1184 4448; x_wconf 78' lang='lat' dir='ltr'>parari.</span> <span class='ocrx_word' id='word_1_481' title='bbox 1288 4351 1416 4423; x_wconf 85' lang='lat' dir='ltr'>Fac</span> <span class='ocrx_word' id='word_1_482' title='bbox 1463 4354 1706 4446; x_wconf 78' lang='lat' dir='ltr'>igitur,</span> <span class='ocrx_word' id='word_1_483' title='bbox 1755 4352 2025 4445; x_wconf 86' lang='lat' dir='ltr'>separari</span> <span class='ocrx_word' id='word_1_484' title='bbox 2077 4352 2244 4423; x_wconf 76' lang='lat' dir='ltr'>hanc</span> <span class='ocrx_word' id='word_1_485' title='bbox 2305 4348 2711 4445; x_wconf 84' lang='lat' dir='ltr'>superficiem</span> <span class='ocrx_word' id='word_1_486' title='bbox 2741 4402 2764 4436; x_wconf 88' lang='lat'>,</span> <span class='ocrx_word' id='word_1_487' title='bbox 2822 4373 3017 4446; x_wconf 84' lang='lat' dir='ltr'>atque</span> <span class='ocrx_word' id='word_1_488' title='bbox 3059 4358 3216 4450; x_wconf 86' lang='lat' dir='ltr'>erigi</span> <span class='ocrx_word' id='word_1_489' title='bbox 3274 4354 3460 4448; x_wconf 87' lang='lat' dir='ltr'>super</span> <span class='ocrx_word' id='word_1_490' title='bbox 3508 4356 3665 4429; x_wconf 85' lang='lat' dir='ltr'>dato</span> <span class='ocrx_word' id='word_1_491' title='bbox 3716 4355 3844 4446; x_wconf 76' lang='lat' dir='ltr'>pla.</span> 
     </span>
     <span class='ocr_line' id='line_1_42' title="bbox 945 4444 3840 4546; baseline 0 -22"><span class='ocrx_word' id='word_1_492' title='bbox 945 4473 1064 4524; x_wconf 72' lang='lat' dir='ltr'>no.</span> <span class='ocrx_word' id='word_1_493' title='bbox 1170 4450 1346 4521; x_wconf 75' lang='lat' dir='ltr'>Cum&#39;</span> <span class='ocrx_word' id='word_1_494' title='bbox 1397 4447 1737 4522; x_wconf 84' lang='lat' dir='ltr'>craffitiem</span> <span class='ocrx_word' id='word_1_495' title='bbox 1798 4450 2045 4522; x_wconf 87' lang='lat' dir='ltr'>nullam</span> <span class='ocrx_word' id='word_1_496' title='bbox 2097 4444 2372 4533; x_wconf 85' lang='lat' dir='ltr'>habeat,</span> <span class='ocrx_word' id='word_1_497' title='bbox 2428 4470 2649 4543; x_wconf 88' lang='lat' dir='ltr'>tanget</span> <span class='ocrx_word' id='word_1_498' title='bbox 2689 4450 2951 4540; x_wconf 83' lang='lat' dir='ltr'>planum</span> <span class='ocrx_word' id='word_1_499' title='bbox 2994 4452 3071 4525; x_wconf 85' lang='lat' dir='ltr'>in</span> <span class='ocrx_word' id='word_1_500' title='bbox 3108 4455 3298 4525; x_wconf 89' lang='lat' dir='ltr'>unica</span> <span class='ocrx_word' id='word_1_501' title='bbox 3346 4454 3573 4546; x_wconf 25' lang='lat' dir='ltr'>linea.-</span> <span class='ocrx_word' id='word_1_502' title='bbox 3637 4457 3840 4542; x_wconf 79' lang='lat' dir='ltr'>Qae,</span> 
     </span>
     <span class='ocr_line' id='line_1_43' title="bbox 925 4542 3842 4642; baseline 0 -24"><span class='ocrx_word' id='word_1_503' title='bbox 925 4568 1107 4630; x_wconf 50' lang='lat' dir='ltr'>vum</span> <span class='ocrx_word' id='word_1_504' title='bbox 1154 4545 1285 4622; x_wconf 68' lang='lat' dir='ltr'>{bia</span> <span class='ocrx_word' id='word_1_505' title='bbox 1336 4555 1562 4641; x_wconf 11' lang='lat' dir='ltr'>tangat*</span> <span class='ocrx_word' id='word_1_506' title='bbox 1601 4546 1873 4639; x_wconf 86' lang='lat' dir='ltr'>planum</span> <span class='ocrx_word' id='word_1_507' title='bbox 1899 4596 1925 4631; x_wconf 84' lang='lat'>‚</span> <span class='ocrx_word' id='word_1_508' title='bbox 1969 4564 2200 4642; x_wconf 86' lang='lat' dir='ltr'>potero</span> <span class='ocrx_word' id='word_1_509' title='bbox 2260 4546 2514 4616; x_wconf 75' lang='lat' dir='ltr'>eodem·</span> <span class='ocrx_word' id='word_1_510' title='bbox 2544 4547 2748 4619; x_wconf 89' lang='lat' dir='ltr'>modo</span> <span class='ocrx_word' id='word_1_511' title='bbox 2773 4542 3073 4638; x_wconf 68' lang='lat' dir='ltr'>:probare</span> <span class='ocrx_word' id='word_1_512' title='bbox 3118 4565 3161 4638; x_wconf 81' lang='lat'>·‚‘</span> <span class='ocrx_word' id='word_1_513' title='bbox 3188 4554 3356 4622; x_wconf 81' lang='lat' dir='ltr'>hanc</span> <span class='ocrx_word' id='word_1_514' title='bbox 3398 4547 3539 4620; x_wconf 76' lang='lat' dir='ltr'>effe·</span> <span class='ocrx_word' id='word_1_515' title='bbox 3570 4574 3712 4623; x_wconf 86' lang='lat' dir='ltr'>rem</span> <span class='ocrx_word' id='word_1_516' title='bbox 3757 4549 3842 4620; x_wconf 88' lang='lat' dir='ltr'>ab</span> 
     </span>
     <span class='ocr_line' id='line_1_44' title="bbox 945 4638 3843 4819; baseline -0.004 -91"><span class='ocrx_word' id='word_1_517' title='bbox 945 4646 1135 4735; x_wconf 58' lang='lat' dir='ltr'>filiis,</span> <span class='ocrx_word' id='word_1_518' title='bbox 1197 4667 1351 4747; x_wconf 53' lang='grc' dir='ltr'>(με</span> <span class='ocrx_word' id='word_1_519' title='bbox 1407 4647 1477 4734; x_wconf 74' lang='lat' dir='ltr'>in</span> <span class='ocrx_word' id='word_1_520' title='bbox 1533 4641 1866 4742; x_wconf 62' lang='lat' dir='ltr'>supsstficie</span> <span class='ocrx_word' id='word_1_521' title='bbox 1911 4641 2062 4722; x_wconf 81' lang='lat' dir='ltr'>sunt</span> <span class='ocrx_word' id='word_1_522' title='bbox 2089 4689 2118 4727; x_wconf 70' lang='lat'><em>2</em></span> <span class='ocrx_word' id='word_1_523' title='bbox 2169 4638 2531 4722; x_wconf 71' lang='lat' dir='ltr'>distinam</span> <span class='ocrx_word' id='word_1_524' title='bbox 2555 4695 2582 4737; x_wconf 89' lang='lat'><em>,</em></span> <span class='ocrx_word' id='word_1_525' title='bbox 2624 4667 2700 4720; x_wconf 77' lang='lat' dir='ltr'>ac</span> <span class='ocrx_word' id='word_1_526' title='bbox 2744 4652 3087 4740; x_wconf 75' lang='lat' dir='ltr'>propterea</span> <span class='ocrx_word' id='word_1_527' title='bbox 3133 4646 3404 4742; x_wconf 78' lang='lat' dir='ltr'>separati</span> <span class='ocrx_word' id='word_1_528' title='bbox 3462 4644 3548 4720; x_wconf 82' lang='lat' dir='ltr'>ab</span> <span class='ocrx_word' id='word_1_529' title='bbox 3590 4649 3668 4722; x_wconf 83' lang='lat' dir='ltr'>iis</span> <span class='ocrx_word' id='word_1_530' title='bbox 3701 4644 3843 4819; x_wconf 54' lang='lat' dir='ltr'>pq}</span> 
     </span>
    </p>

    <p class='ocr_par' dir='ltr' id='par_1_7' title="bbox 3786 4770 3845 4819">
     <span class='ocr_line' id='line_1_45' title="bbox 3786 4770 3845 4819; baseline 0 -5"><span class='ocrx_word' id='word_1_531' title='bbox 3786 4770 3845 4819; x_wconf 73' lang='lat' dir='ltr'>ec</span> 
     </span>
    </p>
   </div>
   <div class='ocr_carea' id='block_1_3' title="bbox 4147 3024 4150 3538">
    <p class='ocr_par' dir='ltr' id='par_1_8' title="bbox 4147 3024 4150 3538">
     <span class='ocr_line' id='line_1_46' title="bbox 4147 3024 4150 3538; baseline 0 0"><span class='ocrx_word' id='word_1_532' title='bbox 4147 3024 4150 3538; x_wconf 95' lang='lat' dir='ltr'> </span> 
     </span>
    </p>
   </div>
  </div>
 </body>
</html>
