4188 5670
1447 245 1604 327 υτ
1719 233 2319 327 Arom1s.'
2754 292 2773 311 a
3150 265 3289 341 169

345 453 683 506 mentem
728 452 949 506 meam
1011 426 1129 501 eflb
1152 479 1177 517 ,
1238 425 1356 504 etfi
1402 431 1558 526 quid
1606 425 1686 503 fit
1738 453 1919 504 mens
1968 431 2303 506 obscurius
2347 429 2720 514 videatur·
2759 432 3032 507 stultum
3074 453 3298 506 tamen

379 529 530 604 esset
558 583 583 619 ‚
636 553 903 627 propter
951 554 1029 601 ea
1073 525 1228 623 quae'
1262 528 1546 604 obscura
1587 529 1780 618 sunt,
1819 556 1904 604 ne
1954 555 2031 604 ea
2075 531 2343 625 quidem
2405 530 2699 607 credere.
2751 558 2903 626 quae
2954 529 3300 605 clariffima

372 628 544 702 sunt.
665 631 851 702 Idem
925 624 1180 731 prorsus
1226 626 1400 702 facio
1452 631 1520 701 in
1570 557 2119 717 difficultatibusq
2093 681 2117 716 ,
2182 655 2336 723 quae
2386 627 2467 700 de
2532 650 2766 703 natura
2813 651 3080 718 motuS,
3128 633 3299 716 loci,

299 730 306 742 '
371 729 636 801 duritiei
697 751 1051 823 corporum
1073 777 1099 812 ,
1151 731 1268 808 &a
1326 729 1626 800 oriuntur
1656 778 1679 815 ‚
1718 727 2075 823 praesertim
2121 724 2170 798 s1
2209 727 2728 816 animadverte,
2773 730 3014 823 requiri
3045 729 3128 802 ad
3157 730 3302 802 haec

377 824 1029 924 comprehensionem
1073 822 1447 915 indefiniti,
1501 846 1617 899 aut
1671 825 2027 921 perfectam
2078 844 2336 900 naturae
2392 829 2683 919 corporis
2731 829 3053 900 notitiam.
3118 828 3300 900 Sem-

369 951 499 1020 per
517 978 540 1012 ,
589 950 742 1020 quae
799 927 872 996 in
918 925 1014 994 his
1079 923 1245 997 clara
1277 923 1477 1012 sunt,
1540 925 1882 998 retinebo·
1863 974 1887 1007 ‚
1944 951 2096 1021 quae
2128 926 2351 1013 vide0‚
2398 951 2436 996 a
2477 949 2583 999 me
2616 924 2916 1027 cognosci
2967 951 3104 1000 non
3155 921 3300 1021 pos

371 1024 437 1096 se
455 1075 479 1113 ,
518 1028 592 1098 in
637 1025 712 1094 iis
749 1042 1042 1149 mentem
1083 1047 1217 1096 non
1249 1021 1479 1097 frustra
1518 1021 1826 1118 fatigabo.

578 1185 821 1277 Neque
885 1199 1107 1254 tamen
1154 1183 1429 1268 omnia,
1468 1183 1619 1277 quia
1676 1180 1963 1276 perfecta
2038 1185 2327 1278 cognitio
2382 1181 2620 1297 sperari
2656 1208 2795 1256 non
2833 1181 3045 1282 potest
3067 1230 3091 1267 ,
3141 1177 3307 1275 abji-

378 1284 571 1356 ciam.
695 1280 914 1354 Potest
974 1281 1142 1353 clara
1192 1285 1256 1353 ἆ
1311 1280 1607 1353 distincta
1663 1279 1784 1354 effe
1829 1281 2196 1353 multorum
2247 1283 2532 1376 cognitio
2558 1332 2582 1369 ,
2641 1306 2794 1376 quae
2832 1279 3121 1376 perfecta
3165 1305 3305 1354 non

375 1382 513 1460 est3
547 1381 656 1454 sed
709 1404 978 1475 pergam
1017 1380 1087 1450 in
1130 1374 1547 1474 inquifitione
1597 1379 1937 1466 veritatiS,
1981 1382 2045 1451 ἃ
2101 1377 2188 1451 fic
2244 1382 2404 1451 mihi
2455 1376 2907 1475 persuadebo,
2967 1379 3110 1453 fieri
3166 1405 3308 1453 non

372 1477 604 1596 poste,
656 1481 813 1572 quin
856 1480 947 1552 ita
1029 1477 1266 1550 crescat
1336 1479 1624 1592 cognitio
1698 1503 1863 1550 mea.
1981 1478 2201 1554 Multa
2249 1477 2499 1592 semper
2549 1478 2868 1551 addiscam
2916 1497 3069 1553 ante
3144 1478 3308 1549 mihi

373 1581 664 1673 ignota,
722 1579 791 1648 in
830 1578 1078 1648 caeteris
1116 1578 1554 1670 ignorantiam
1600 1601 1818 1647 meam
1858 1577 2059 1670 magis
2113 1601 2188 1647 ae
2228 1578 2433 1672 magis
2484 1576 2889 1671 cognoscam.
3034 1583 3307 1669 Quanta

374 1696 615 1748 autem
668 1674 1056 1769 cognitionis
1108 1675 1346 1748 nostrae
1396 1700 1543 1768 pars
1591 1674 1728 1761 est,
1779 1675 1886 1748 vel
1926 1677 2094 1747 hanc
2143 1672 2344 1769 ipsam
2400 1673 2621 1748 noffe!
2724 1670 3088 1750 Pauciffimi
3130 1677 3308 1747 enim

373 1775 780 1860 hominum,
829 1776 1029 1866 quam
1086 1799 1316 1866 parum
1357 1773 1602 1862 sciant,
1655 1772 1906 1856 sciunt3
1962 1792 2160 1866 atque
2222 1771 2488 1846 inscitiae
2530 1771 2667 1846 suae
2704 1770 3101 1868 potiffimam
3157 1799 3306 1868 pat-

374 1890 527 1944 tem
584 1895 812 1942 omnes
867 1873 1356 1963 propemodum
1386 1920 1410 1959 ‚
1462 1871 1582 1946 nifi
1631 1873 1746 1966 qui
1790 1869 2136 1948 scrutando
2183 1868 2415 1968 saepius
2455 1867 2577 1968 ipsi
2616 1897 2764 1949 eam
2816 1871 2965 1955 sunt
2999 1873 3250 1972 experti
3272 1921 3307 1963 ,

373 1989 714 2066 perpetuo
759 1969 1156 2072 ignorant.
1805 2036 1815 2042 .
2805 2013 2815 2051 1

3091 4535 3388 4681 nfra)
