4188 5670
835 397 981 458 210
1356 361 1902 461 JUDICHJM
1998 375 2127 443 Du
2213 351 3274 441 Areumcinrnsn.

831 577 979 632 tum
1021 548 1112 626 est
1135 600 1159 638 ,
1228 543 1347 621 effe
1382 564 1566 620 extra
1610 564 1901 617 mentem
1930 542 2117 613 Enna
2140 540 2333 615 realia
2375 538 2475 611 hie
2501 531 2808 623 obieffiuis
2849 528 3113 615 similia,
3153 547 3303 600 tum
3349 521 3617 599 demum
3644 545 3760 615 per

833 656 1017 739 Ideas
1066 648 1323 723 mediae
1347 645 1794 740 cognoscimus
1844 664 2111 736 quoque
2130 691 2153 725 ,
2185 661 2495 733 quaenam
2555 631 2680 708 fint
2730 639 2980 706 Entium
3020 627 3283 700 illorum
3333 625 3591 699 realium
3615 649 3766 715 pro-

781 755 1137 850 oprietaoes
1189 750 1253 819 &
1300 744 1724 839 perfectiones
1789 742 2000 813 reales·
2073 737 2480 811 Concludere
2523 754 2749 807 autem
2803 756 2886 803 ex
2920 728 3089 800 Ideis
3111 775 3135 812 ,
3190 723 3383 816 idque
3434 724 3493 790 ci.
3529 728 3712 835 priori
3738 769 3761 803 ,

769 878 774 883 ’
840 849 960 925 effe
1015 845 1254 941 aliquid
1303 864 1492 927 extra,
1521 843 1704 915 Ideas
1748 841 1914 914 Ideis
1949 833 2186 922 simile,
2237 861 2370 907 non
2401 832 2739 927 possumus
2762 860 2786 913 ‚-
2828 824 2947 901 nisi
2988 825 3385 906 statuamuS,
3415 826 3481 890 in
3510 818 3641 911 ipsis
3669 842 3766 888 m-

844 949 1016 1033 cludi
1063 942 1457 1041 positionem
1506 964 1725 1017 retum
1773 935 2076 1010 similium
2126 955 2305 1009 extra
2355 932 2568 1009 ideas:
2616 928 2800 1023 quod
2838 950 2974 1000 non
3018 917 3623 1035 minusabsurdum
3645 914 3762 1002 est,
3861 982 3876 990 -

843 1072 920 1121 ac
977 1043 1030 1118 si
1080 1046 1224 1139 quis
1272 1043 1512 1113 diceret
1535 1091 1559 1126 ,
1618 1036 1854 1110 animal
1904 1037 2141 1108 vivum
2175 1055 2401 1108 revera
2442 1033 2515 1107 in
2555 1028 2818 1105 animali
2863 1025 3042 1119 picto
3080 1037 3416 1092 contmerr.
3530 1084 3537 1090 .

1035 1200 1208 1272 Hice
1243 1193 1519 1288 quilibet
1556 1188 1892 1265 ciariffime
1938 1189 2246 1282 percipiet
2266 1241 2288 1274 ,
2328 1188 2376 1264 fi
2416 1188 2620 1263 modo
2652 1198 2898 1259 attente
2945 1173 3306 1252 confideret
3327 1222 3350 1259 ,
3401 1175 3772 1268 extstentiam

845 1297 1393 1393 repraesentativum
1415 1344 1440 1380 ,
1491 1286 1625 1363 five
1680 1289 1760 1363 fit
1803 1285 2139 1364 necessaria
2185 1283 2320 1359 sive
2371 1289 2750 1379 contingens
2770 1332 2792 1367 ,
2862 1302 3001 1351 non
3045 1277 3262 1348 minus
3309 1268 3396 1345 ab
3444 1279 3772 1370 Existentia

847 1398 998 1470 reali
1049 1388 1306 1467 differre
1334 1443 1359 1478 ,
1407 1413 1606 1484 quam
1680 1387 1941 1485 Effintia
1991 1385 2474 1573 repraviva
2515 1382 2602 1458 ab
2655 1380 2913 1477 Effentia
2970 1375 3123 1453 reali
3147 1422 3172 1461 ‚
3242 1394 3447 1465 quam
3496 1375 3774 1471 denique

851 1489 1073 1571 differt
1119 1493 1329 1567 horno
1379 1493 1589 1585 pietus
1635 1486 1724 1562 ab
1773 1484 2043 1560 homine
2094 1485 2163 1557 vi
2356 1486 2397 1558 i.
2428 1511 2483 1559 e.
2521 1485 2746 1579 imago
2776 1482 2814 1553 a
2846 1498 2940 1552 re.

1052 1632 1485 1733 Cognoscitur
1534 1658 1695 1731 vero
1738 1656 1960 1711 rerum
2014 1634 2351 1712 existentia
2400 1634 2503 1706 vel
2556 1636 2903 1710 immediate
2956 1634 3063 1709 vel
3118 1629 3410 1706 mediate.-
3457 1623 3779 1721 imnoedia·

856 1752 961 1819 te,
1006 1756 1121 1825 per
1154 1733 1397 1826 finsum
1434 1737 1498 1806 ἃ,
1534 1733 1991 1823 conscientiam:
2040 1735 2131 1810 fic
2179 1732 2669 1828 cognoscimus,
2703 1733 3011 1831 mentem
3025 1732 3311 1806 nostram
3343 1729 3409 1799 δι
3445 1727 3782 1820 cogitatio·
3884 1750 3895 1757 “

857 1856 971 1902 nes
1017 1829 1156 1921 ejus
1203 1832 1488 1905 existere.
1557 1833 1835 1905 Mediate
1863 1887 1885 1922 ,
1929 1837 2034 1908 vel
2103 1839 2143 1908 ἁ
2162 1839 2349 1930 priori
2371 1862 2395 1915 ‚-
2453 1830 2538 1906 fic
2585 1834 2766 1907 Deus
2807 1830 3138 1926 cognoscit
3165 1850 3387 1902 rerum
3425 1846 3780 1898 creatarum

859 1926 1271 2004 existentiam
1296 1983 1318 2018 ‚
1351 1932 1458 2004 vel
1484 1932 1829 2004 voluntate
1860 1933 1971 2009 sua
1997 1987 2021 2024 ,
2069 1961 2201 2029 qua
2246 1932 2391 2005 vult
2414 1984 2438 2022 ‚
2472 1955 2552 2006 ut
2583 1922 2879 2007 existant:
2932 1938 3005 2003 A
3031 1934 3372 2025 posteriori,
3410 1919 3497 1997 fic
3522 1919 3791 2017 cognoss

863 2027 1076 2099 cimus
1124 2029 1528 2103 existentiam
1569 2030 2023 2128 plerarumque
2077 2058 2298 2107 rerum
2328 2082 2351 2118 ‚
2405 2030 2491 2105 ab
2529 2038 2856 2127 Exilientia
2879 2029 3120 2122 effiii‘as
3158 2022 3606 2099 concludendo
3638 2018 3783 2112 exis-

864 2133 1120 2198 tentiam
1160 2127 1392 2223 cauffae.
1451 2129 1678 2221 Atque
1707 2131 1837 2202 hac
1866 2131 2000 2204 sola
2051 2135 2304 2206 ratione
2347 2129 2628 2204 arbitror
2643 2184 2665 2219 ,
2719 2156 2840 2203 nos
2902 2130 3030 2200 Dei
3065 2124 3469 2201 existentiam
3513 2119 3783 2216 probare

866 2220 1059 2325 posse.
1117 2227 1309 2301 Tales
1349 2248 1511 2297 vero
1556 2220 1825 2307 effectus
1872 2279 1896 2316 ‚
1952 2231 2068 2322 qui
2108 2232 2236 2306 Dei
2278 2230 2699 2310 Existentiam
2746 2248 3032 2323 arguunt
3064 2276 3089 2312 ,
3131 2226 3200 2297 in
3245 2218 3437 2295 nobis
3485 2224 3553 2293 &
3609 2237 3784 2292 extra

867 2345 1023 2401 nos,
1074 2326 1267 2397 credo
1316 2321 1434 2396 effe
1492 2324 1889 2404 innumeros.
1982 2326 2172 2399 Num
2226 2331 2396 2403 inter
2458 2329 2581 2398 hos
2624 2326 2960 2401 referenda
3005 2328 3271 2417 quoque
3307 2316 3389 2392 fit
3435 2320 3579 2392 Idea
3620 2324 3735 2391 Dei
3758 2340 3780 2384 ε

865 2444 1031 2504 num
1081 2423 1188 2503 illa
1235 2424 1459 2494 Deum
1506 2418 1719 2493 solum
1764 2448 1886 2515 pro
1912 2421 2119 2494 caussa
2147 2421 2382 2497 habete
2418 2418 2619 2518 poffit
2642 2475 2667 2510 ‚
2719 2447 2893 2495 nunc
2922 2446 3059 2494 non
3080 2420 3367 2517 disputo.
3437 2420 3562 2493 Sed
3580 2416 3782 2500 suum,

872 2522 973 2592 uti
1009 2520 1098 2593 ab
1146 2521 1334 2595 initio
1369 2519 1545 2606 dixi,
1578 2520 1756 2592 alteri
1777 2521 1929 2592 huic
1955 2518 2229 2601 Cartefii
2261 2540 2608 2616 argumento
2652 2519 2857 2595 robur
2887 2520 3211 2613 relinquo.
3273 2515 3549 2593 Mallem
3571 2536 3786 2590 eumen

869 2620 1255 2718 plerumque
1305 2621 1403 2701 uti
1442 2620 1578 2697 aliis
1600 2669 1625 2708 ,
1647 2619 1733 2702 ‚ad
1771 2637 2037 2715 ‚captum
2087 2621 2393 2701 omnium
2436 2623 2639 2720 magis
2682 2619 3213 2696 accommodatis.

1069 2778 1490 2857 Manifestum
1540 2782 1631 2856 est
1694 2806 1776 2855 ex
1817 2779 1935 2864 iis,
1987 2802 2143 2874 quae
2193 2780 2365 2855 dista
2409 2777 2600 2868 sunt,·
2650 2808 2756 2857 me
2802 2781 2932 2855 huc
2979 2778 3178 2874 usque
3224 2769 3648 2872 supposuisse,
3688 2797 3792 2846 ve·

871 2904 1016 2956 ram
1048 2878 1167 2952 effe
1205 2877 1478 2954 Cartefii
1506 2878 1886 2955 sententiam
1913 2874 1986 2949 de
2019 2899 2248 2953 natura
2289 2883 2576 2956 Idearum
2599 2935 2621 2969 ‚
2648 2886 2777 2956 Dei
2814 2881 3115 2955 videlicet
3144 2879 3372 2951 Ideam
3418 2874 3537 2947 effe
3568 2870 3801 2970 aliquid

867 2985 940 3054 in
966 2994 1160 3047 mente
1218 2980 1411 3067 nostra
1434 3027 1458 3062 ‚
1485 2978 1575 3049 ab
1615 2978 1752 3071 ipso
1803 2977 1952 3048 Deo
1996 3001 2135 3047 non
2181 2980 2403 3052 minus
2442 2980 2811 3052 distinctum
2834 3031 2858 3066 ‚
2912 2996 3112 3073 atque
3151 2977 3257 3049 est'
3284 2977 3519 3049 animal
3559 2975 3799 3067 piorum

878 3074 967 3149 ab
1005 3074 1269 3147 animali
1311 3078 1492 3145 vivo.
1568 3075 1837 3159 Servata
1877 3071 1996 3141 hac
2051 3071 2249 3167 ipsius
2289 3075 2558 3149 Cartefii
2598 3081 2664 3151 &
2694 3079 3159 3173 plerorumque
3184 3077 3322 3169 ejus
3347 3071 3801 3167 discipulorum

882 3168 1267 3270 hypothesi,
1328 3190 1535 3265 puto,
1589 3196 1696 3244 me
1761 3166 2088 3265 perspicue
2151 3171 2521 3248 monstrasse
2542 3227 2566 3263 ‚
2616 3197 3081 3272 argumentum
3119 3175 3261 3266 ejus
3308 3170 3426 3246 effe
3472 3167 3802 3264 sophisma.

890 3273 1097 3370 Qlod
1147 3267 1199 3342 fi
1251 3295 1410 3344 veto
1462 3270 1605 3365 quis
1644 3270 1769 3344 alia
1806 3265 2100 3364 hypothesi
2130 3271 2259 3343 hoc
2303 3294 2765 3365 argumentum
2809 3273 3124 3349 roborare
3163 3274 3361 3345 vellet
3384 3322 3406 3357 ,
3452 3267 3805 3364 supponen-

886 3376 1025 3461 do,
1083 3394 1242 3445 cum
1287 3371 1542 3464 Magno
1597 3369 1791 3463 hujus
1836 3369 2051 3439 aetatis
2083 3368 2478 3469 Philosopho
2504 3423 2528 3459 ,
2584 3374 2790 3462 Idem,
2843 3399 3002 3468 quas
3032 3396 3216 3446 mene
3265 3370 3482 3444 nostra
3526 3385 3811 3440 contem·

890 3473 1107 3566 platur
1132 3520 1172 3557 „
1204 3495 1320 3542 non
1374 3464 1484 3562 affe
1529 3474 1596 3540 in
1635 3487 1832 3542 mente
1876 3470 2068 3558 nostra
2091 3519 2119 3556 ‚
2156 3467 2275 3558 sed
2308 3475 2373 3542 in
2425 3477 2557 3545 Deo
2603 3472 2718 3566 ipso
2741 3502 2762 3543 .-
2809 3473 2863 3544 is
2899 3470 3090 3544 nobis
3131 3472 3337 3560 viam,
3381 3468 3514 3540 Dei
3548 3463 3815 3540 existen-

889 3571 1058 3642 tiam
1107 3566 1441 3662 probandi
1488 3590 1572 3644 ex
1629 3568 1767 3660 ejus
1814 3566 1966 3639 Idea
1987 3615 2012 3654 ‚
2079 3568 2257 3640 haud
2335 3593 2571 3662 parum
2646 3568 2977 3644 difficilem
3048 3569 3363 3644 redderet.
3447 3569 3818 3660 Antequam

893 3665 1069 3740 enim
1112 3666 1279 3738 hanc
1321 3665 1569 3759 ingredi
1626 3662 1950 3760 possemus
1970 3713 1995 3750 ,
2057 3665 2413 3740 decidenda
2488 3663 2680 3740 nobis
2729 3671 2907 3762 prius
2970 3666 3123 3742 effet
3187 3661 3655 3742 intricatiffima
3714 3663 3823 3733 ira

895 3761 1169 3858 quaestio
1235 3763 1317 3835 de
1367 3786 1603 3839 natura
1657 3761 1962 3843 Idearum
1982 3811 2006 3846 ,
2040 3767 2079 3838 a
2132 3762 2397 3836 summis
2446 3765 2715 3861 ingeniis
2758 3767 2980 3840 nostro
3031 3788 3330 3861 tempore
3373 3767 3636 3860 agitata.
3668 3757 3824 3833 Sed

892 3862 1032 3948 fac,
1081 3858 1357 3933 decisam
1414 3859 1577 3947 effe,
1639 3861 1703 3936 &
1761 3857 2285 3938 demonstratum
2309 3910 2333 3947 ,
2389 3885 2511 3933 nos
2569 3866 2873 3938 omnium
2921 3890 3143 3942 rerum
3191 3867 3376 3939 Ideas
3412 3871 3476 3935 in
3524 3859 3642 3953 ipso
3694 3865 3826 3933 Deo

896 3957 1368 4052 contemplari:
1414 3957 1580 4029 istud
1635 3976 1828 4044 vero,
1875 3977 2031 4034 cum
2067 3955 2198 4027 Dei
2242 3957 2647 4038 existentiam
2703 3961 3327 4057 probaressvolumus
3352 4013 3375 4050 ,
3432 3957 3823 4053 supponere,

897 4056 1179 4134 omnino
1235 4054 1495 4150 videtur
1534 4051 2026 4145 praeposterum.
2112 4054 2290 4125 Cum
2365 4060 2541 4129 enim
2603 4084 2801 4134 nemo
2851 4062 3127 4140 statuere
3166 4058 3368 4156 poffit
3389 4110 3415 4148 ‚
3460 4084 3583 4130 nos
3625 4061 3825 4130 omnia

896 4153 1108 4229 videre
1157 4158 1224 4223 in
1277 4156 1456 4235 Deo,
1499 4147 1648 4221 -nisi
1699 4150 1970 4237 statuat,
2051 4156 2258 4223 Deum
2305 4157 2599 4247 existere,-
2652 4159 3059 4256 supponere,
3109 4185 3231 4232 nos
3286 4158 3511 4233 omnia
3554 4157 3626 4230 in
3674 4155 3829 4226 Deo

900 4252 1122 4328 videre
1144 4300 1169 4337 ,
1223 4249 1306 4322 ad
1362 4246 1771 4340 probandam
1825 4250 1963 4342 ejus
2031 4249 2434 4324 existentiam
2457 4305 2481 4342 ‚
2538 4255 2631 4336 est
2673 4254 3078 4354 supponere,
3142 4265 3350 4332 Deum
3413 4256 3699 4348 exiliere,
3753 4267 3834 4321 ut

899 4347 1176 4468 probari
1183 4447 1199 4465 ο
1239 4345 1437 4442 poffit
1482 4398 1510 4437 ,
1592 4354 1800 4422 Deum
1847 4352 2088 4443 existere
2112 4376 2138 4429 3
2218 4351 2398 4445 quod
2487 4377 2685 4427 nemo
2752 4381 2890 4430 non
2958 4356 3142 4430 videt
3171 4406 3196 4446 ‚
3267 4355 3661 4452 petitionem
3711 4346 3837 4423 esse

903 4474 1221 4566 principit.

967 4645 981 4668 .
1107 4593 1175 4684 Si
1226 4593 1713 4694 Argumentum
1761 4587 2035 4670 Cartefii
2069 4611 2267 4665 omne
2313 4576 2504 4666 suum
2548 4581 2755 4665 robur
2794 4591 2946 4674 inde
2990 4595 3262 4695 accipit,
3303 4589 3484 4689 quod
3530 4584 3713 4666 Idea:
3741 4601 3843 4651 re·
