4188 5670
992 338 1099 427 '32
1383 338 2042 412 Drssen'r.
2175 350 2320 403 nr.
2443 331 3469 417 Loeomacnxrs

594 515 706 598 fi„
838 540 947 601 quo
988 469 1195 572 magis
1244 480 1496 554 nostros
1537 484 1872 576 amplexus
1908 483 2180 554 horrent
2204 530 2232 568 ‚
2280 497 2482 575 quam
2533 477 2758 557 infesta
2789 483 3207 563 'inimicorum
3245 489 3395 565 odia
3432 519 3456 575 3
3499 516 3696 586 quam
3735 490 3864 568 cru-⁸

616 560 802 660 mm’„
842 622 947 686 1²⁴³-
989 575 1318 651 delitatem
1351 605 1581 652 eorum
1609 631 1631 665 ‚
1670 584 1784 673 qui
1821 606 1956 653 non
2014 577 2274 653 verbis,
2315 577 2424 657 sed
2474 576 2647 653 ferro
2685 583 3085 678 flammisque
3132 611 3286 659 cum
3326 588 3695 664 adversariis
3750 592 3860 663 suis

618 702 732 742 cem
817 706 940 745 cum
987 671 1308 769 disputare
1346 677 1548 749 solent
1565 706 1589 758 ς
1615 703 1814 770 quam
1837 676 2241 769 intolerabile
2272 694 2376 748 tot
2401 677 2837 753 humanarum
2883 684 3311 757 traditionum
3352 688 3635 782 jugum3
3678 693 3873 784 quam‘

603 766 886 865 fratribus
994 768 1517 865 superbiffimum
1567 775 1706 867 ejus
1733 828 1757 863 ‚
1802 777 1916 870 qui
1966 774 2028 849 se
2076 772 2265 870 supra
2311 797 2541 846 omnes
2585 776 2795 873 Reges
2848 776 3035 853 effert
3079 832 3105 869 ‚
3170 783 3630 868 dominatuum
3679 810 3860 881 quam

616 866 676 905 ⁸¹⁸
733 847 951 937 fianda-
991 865 1348 944 barbarum
1395 874 1551 946 illud
1578 925 1602 960 ‚
1651 874 1830 976 quod
1868 871 2363 968 Inquifitionem
2415 898 2658 951 vocant
2683 929 2708 967 ‚
2753 870 2966 951 nescio
3005 880 3188 972 cujus
3244 882 3588 977 Phalaridis
3653 886 3863 957 inven-

610 947 959 1092 Zfflzkzffn
987 984 1134 1041 tum
1181 967 1216 1040 ?
1259 996 1426 1064 quos
1472 969 1593 1044 faci
1619 975 1716 1044 ius
1740 973 2110 1051 adduceres
2128 1024 2154 1060 ,
2206 996 2288 1046 ut
2335 973 2743 1068 Babylonem
2791 973 3030 1050 reverfi
3081 1029 3107 1067 ,
3170 1002 3326 1050 cum
3374 981 3449 1052 iis
3496 978 3708 1054 foedus
3754 983 3862 1053 ini-

612 1093 760 1152 ribus
808 1114 900 1154 co·
935 1161 945 1167 ξ
986 1088 1136 1143 rent
1159 1123 1182 1159 ‚
1241 1094 1528 1163 quorum
1575 1071 1615 1141 d
1664 1074 1938 1144 {trinam
1993 1092 2076 1144 ut
2143 1071 2722 1147 Antichristianam·
2748 1120 2772 1160 ‚
2899 1099 3141 1147 uorum
3174 1078 3426 1159 cultum
3481 1096 3558 1150 ut
3612 1080 3866 1153 idolola-

611 1172 752 1255 Iang.
993 1170 1234 1243 tticum
1258 1220 1281 1257 ‚
1325 1195 1558 1263 quorm
1651 1174 1941 1264 regimen
1983 1194 2063 1250 ut
2115 1170 2649 1248 conscientiarum
2692 1101 3133 1245 carnizcinam
3167 1224 3191 1261 ,
3216 1176 3506 1266 Major-es
3544 1174 3694 1249 suos
3735 1198 3866 1249 tan-

988 1286 1061 1341 ta
1104 1269 1504 1343 solicitudine
1558 1252 1778 1364 fugiffe
1826 1268 2033 1345 sciunt
2070 1301 2097 1356 ,-
2146 1294 2348 1366 quam
2384 1291 2462 1341 ut
2489 1322 2513 1358 ‚
2544 1295 2684 1343 non
2730 1272 2878 1343 dico
2913 1295 3066 1343 cum
3104 1272 3182 1345 iis
3252 1273 3323 1343 in
3381 1274 3658 1367 gratiam
3699 1274 3863 1347 deni-

983 1393 1113 1461 que
1164 1370 1445 1441 redirent
1471 1419 1493 1454 ,
1552 1367 1659 1441 sed
1700 1395 1970 1464 quoquo
2022 1371 2227 1441 modo
2278 1368 2673 1456 tolerarent,
2711 1365 2942 1459 ¹saltem
2991 1393 3130 1441 non
3173 1368 3481 1442 omnibus
3503 1372 3657 1444 diris
3679 1373 3866 1446 devo-

975 1487 1210 1540 verent
1262 1491 1373 1538 eos
1394 1516 1418 1552 ‚
1464 1468 1577 1558 qui
1616 1493 1746 1540 una
1801 1494 1956 1540 cum
2003 1464 2154 1561 ipsis
2191 1463 2597 1558 Babylonem
2639 1465 3040 1561 reliquerunt
3090 1467 3250 1538 olim
3297 1517 3321 1555 ‚
3380 1470 3630 1545 cultum
3680 1471 3811 1563 ejus
3841 1518 3865 1554 ‚

971 1565 1341 1637 dodtrinam
1410 1568 1476 1635 &
1548 1567 1964 1657 tyrannidem
2025 1563 2490 1639 abominantur
2547 1565 2922 1638 etiamnunc
2964 1615 2989 1652 ,
3042 1562 3363 1639 saevitiam
3417 1568 3555 1660 ejus
3593 1566 3868 1668 sentiunt

965 1665 1212 1758 pariter
1264 1714 1288 1750 ‚
1340 1662 1574 1756 jugum
1617 1664 1755 1758 ejus
1792 1666 2033 1759 pariter
2087 1661 2533 1737 extimescunt.

1046 1874 1057 1883 '
1154 1862 1523 1934 Tantarum
1549 1887 1711 1935 vero
1764 1862 2011 1937 irarum
2057 1861 2265 1938 cauffa
2299 1861 2392 1934 est
2417 1914 2440 1950 ‚
2470 1888 2612 1937 non
2646 1864 2875 1959 aliquis
2916 1866 2986 1939 in
3009 1863 3436 1938 fundamento
3466 1864 3623 1940 fidei
3653 1862 3867 1943 diffen-

970 1953 1077 2029 sus
1123 2008 1145 2043 ‚
1212 1958 1319 2030 sed
1352 1958 1392 2051 <
1418 1960 1597 2053 quod
1637 1985 1834 2033 nemo
1877 1988 2013 2035 non
2066 1963 2249 2034 videt
2274 2013 2298 2047 ,
2351 1963 2463 2054 qui
2502 1963 2709 2035 modo
2753 1965 3022 2037 rationis
3057 1984 3172 2037 aut
3223 1974 3503 2057 compos
3548 1966 3640 2038 est
3680 2018 3705 2054 ,
3760 1976 3903 2036 aut·

936 2062 942 2067 '
971 2078 1200 2139 aurem
1240 2058 1331 2129 illi
1362 2055 1674 2151 praebet)
1700 2060 1768 2131 in
1787 2064 2006 2153 paucis
2030 2059 2418 2155 quibusdam
2443 2110 2466 2145 ‚
2497 2056 2547 2129 fi
2576 2085 2712 2132 non
2739 2061 2995 2137 levibus
3019 2113 3042 2149 ,
3104 2081 3274 2137 certe
3308 2061 3636 2136 essentiam
3667 2059 3874 2137 Chris-

960 2152 1250 2226 'tianifini
1284 2157 1467 2230 nullo
1513 2158 1716 2229 modo
1764 2157 2324 2234 constituentibus.
2443 2159 2767 2252 Equidem
2812 2186 2949 2232 non
2996 2184 3224 2232 omnes
3250 2212 3272 2247 ‚
3321 2188 3403 2234 ne
3451 2164 3594 2257 quis
3641 2160 3874 2233 subdo·

972 2253 1035 2323 le
1085 2279 1193 2326 me
1234 2279 1422 2350 agere
1474 2255 1794 2329 existimet
1817 2307 1841 2342 ,
1888 2281 2024 2329 non
2084 2284 2313 2331 omnes
2374 2278 2705 2352 quotquot
2755 2259 2925 2331 inter
2981 2284 3102 2330 nos
3151 2256 3300 2329 sunt
3348 2260 3647 2344 <notum
3703 2258 3876 2330 enim

972 2350 1106 2439 est,
1159 2352 1241 2423 de
1294 2350 1531 2446 quibus
1572 2354 1801 2447 loquar
1829 2351 1863 2445 )
1896 2353 2360 2429 controverfiae
2392 2405 2416 2443 ‚
2471 2378 2680 2425 meras
2731 2357 3200 2448 Logomachias
3249 2353 3368 2427 effe
3411 2355 3695 2429 affirmo.
3769 2350 3876 2426 Est

963 2450 1299 2522 interdum
1338 2476 1532 2523 verus
1568 2451 1916 2539 diffensus,
1976 2448 2230 2533 fateor3
2277 2478 2477 2547 quem
2519 2449 2570 2523 si
2609 2451 2750 2545 quis
2803 2478 2939 2522 non
2988 2451 3069 2523 de
3118 2476 3189 2522 re
3234 2452 3492 2546 prorsus
3529 2453 3713 2525 nihili
3760 2446 3878 2521 esse

964 2549 1138 2620 dicat
1167 2598 1192 2635 ‚
1244 2573 1383 2620 non
1430 2575 1771 2645 repugno:
1804 2550 2415 2647 sedqualistunque
2453 2548 2579 2629 fit;
2632 2545 3052 2621 certiffimum
3092 2549 3248 2619 illud
3297 2550 3427 2636 est,
3459 2577 3597 2622 non
3643 2574 3768 2633 ea,
3811 2549 3882 2619 in

966 2643 1208 2741 quibus
1244 2672 1442 2719 vetus
1485 2646 1785 2721 diffensus
1831 2651 1921 2723 est
1946 2702 1969 2737 ‚
2029 2670 2216 2722 tanta
2265 2651 2433 2722 inter
2527 2667 2691 2719 artes
2731 2645 3022 2718 excitasse
3073 2646 3224 2716 odia
3277 2698 3298 2730 ,
3344 2664 3484 2718 tam
3537 2641 3886 2717 difficilem

966 2745 1290 2839 hodieque
1343 2772 1570 2841 pacem
1619 2745 1830 2821 facere
1860 2776 1884 2831 3
1929 2748 2035 2820 sed
2071 2772 2148 2821 ea
2172 2798 2196 2834 ‚
2246 2747 2319 2818 in
2369 2675 2607 2841 ,quibus
2645 2737 2802 2817 falso
2835 2740 3133 2816 diffensus
3167 2738 3288 2816 effe
3323 2745 3627 2815 videtur:
3681 2741 3890 2833 plane

969 2865 1052 2917 ut
1100 2848 1550 2938 Logomachiis
1604 2844 1750 2920 solis
1785 2901 1809 2936 ,
1857 2874 1998 2921 non
2031 2850 2206 2935 veris·
2253 2840 2706 2921 controversiis
2746 2894 2770 2930 ‚
2835 2843 3141 2937 quicquid
3218 2843 3320 2913 hic
3368 2842 3522 2914 mali
3570 2838 3660 2912 est
3700 2889 3725 2926 ,
3803 2837 3887 2910 fit

976 2943 1454 3028 imputandum.
1579 2944 1844 3033 Qubus
1887 2946 2141 3017 resectis
2159 2996 2184 3030 ‚
2229 2941 2279 3015 fi
2306 2944 2574 3016 tandem
2612 2942 2963 3034 aliquando
3007 2939 3114 3010 alii
3155 2934 3315 3011 alios
3365 2939 3719 3030 intelligere
3747 2937 3885 3009 vel-

982 3039 1191 3111 lemus
1237 3093 1263 3130 ‚
1344 3042 1726 3137 superessent
1769 3042 2037 3135 quidem
2087 3043 2325 3130 aliquae
2383 3041 2550 3108 inter
2600 3061 2721 3108 nos
2772 3031 3175 3107 diffenfiones
3216 3065 3242 3115 ,-
3298 3035 3403 3107 fied
3448 3038 3640 3128 longe
3677 3038 3749 3108 &
3799 3036 3885 3106 le-

980 3140 1199 3211 viores
1236 3191 1263 3229 ,
1308 3144 1373 3213 ἃ,
1415 3142 1748 3234 pauciores
1793 3141 2054 3231 utrique
2108 3137 2277 3229 parti
2323 3133 2718 3214 viderentur.
2826 3132 2953 3204 Sed
3005 3133 3106 3202 hic
3155 3129 3374 3204 forsan
3414 3132 3691 3204 morbus
3736 3132 3830 3204 est
3853 3181 3876 3216 ‚

978 3263 1182 3333 quem
1226 3240 1392 3312 inter
1434 3233 1935 3308 immedicabiles
1983 3232 2130 3331 post
2189 3251 2297 3304 tot.
2349 3230 2650 3309 virorum
2691 3223 3303 3321 sapientiffimorum
3349 3230 3581 3304 frustra
3623 3248 3883 3303 tentam

979 3339 1266 3412 remedia
1309 3331 1543 3410 referre
1590 3331 1942 3432 possumus.
2083 3335 2310 3422 Qare
2355 3330 2437 3402 ad
2480 3329 2602 3401 alia
2638 3328 2977 3406 veniamus
3017 3328 3337 3426 exempla.

589 3535 888 3615 sacerrime
1172 3536 1353 3621 Qae
1404 3561 1700 3633 unquam
1747 3536 2207 3633 disputationes
2249 3536 2399 3608 cum
2448 3525 2951 3626 pertinaciffima
2992 3528 3383 3622 Judaeorum
3433 3544 3623 3621 gente
3646 3579 3674 3617 ,
3730 3553 3887 3604 cum

590 3649 762 3767 ”usn
831 3635 891 3687 in
981 3631 1250 3726 impuris
1299 3634 1784 3710 Mah01n'etanis
1802 3685 1826 3721 2
1873 3660 2027 3713 cum
2072 3629 2452 3722 biasphessliss
2470 3681 2494 3715 ²
2544 3617 2722 3718 cum!
2747 3625 3092 3723 Libertinis
3117 3674 3141 3709 ‚
3184 3647 3335 3700 Cum
3372 3626 3596 3696 Atheis
3630 3676 3657 3712 5
3741 3649 3889 3700 om·

592 3719 670 3773 *θ’
684 3732 730 3789 g
732 3717 786 3769 ³⁰
832 3715 928 3806 ,ω’
986 3728 1209 3823 nisque
1248 3732 1572 3824 religionis
1605 3727 1968 3812 irrisoribus
2014 3748 2157 3804 tam
2210 3751 2530 3820 pugnaces
2564 3724 2875 3800 &eruum
2921 3744 3119 3816 quam
3166 3744 3373 3814 nuper
3411 3722 3541 3796 illae
3576 3716 3722 3798 five
3765 3748 3889 3820 pu·

588 3791 914 3904 amacha.
985 3853 1081 3914 1,ae
1123 3825 1258 3906 five
1303 3831 1535 3903 mixtae
1582 3826 2088 3919 Logomachiae‚
2139 3848 2420 3913 quarum
2469 3820 2657 3914 supra
2706 3823 2750 3866 ’⁶
2792 3819 3195 3890 mentionem
3241 3818 3511 3897 fecimus
3537 3868 3563 3907 ,
3606 3846 3774 3896 cum
3820 3825 3891 3894 in

647 3890 833 4033 &9³51
874 3889 929 3950 ³⁰
984 3926 1120 3997 aliis
1165 3929 1525 4000 Academiis
1566 3928 1631 3996 &
1673 3923 1921 3997 scholis
1945 3972 1970 4009 ‚
2006 3943 2156 3993 tum
2210 3922 2537 4010 praecipue
2593 3918 2664 3988 in
2708 3916 2928 4010 Belgio
2981 3914 3246 3990 fuerunt
3284 3914 3318 3986 ?
3381 3912 3547 3992 Rifit
3574 3918 3887 4003 invidia3

810 4015 813 4020 ¹
982 4019 1305 4096 exultavit
1362 4025 1532 4094 livor
1574 4049 1598 4104 3
1652 4018 2063 4110 objecerunt
2132 4011 2326 4088 nobis
2378 4016 2602 4087 aemuli
2661 4039 2794 4084 non
2844 4012 2977 4084 sme
3020 4014 3301 4106 maligna
3347 4013 3573 4086 laetitia
3615 4022 3890 4087 θσλοῦν

984 4119 1212 4200 κάππα
1273 4119 1570 4213 Belgium
1601 4116 1942 4189 infestans:
1990 4117 2258 4190 fuerunt
2277 4163 2301 4198 ‚
2357 4107 2588 4206 qui'ex
2646 4108 2822 4183 libris
2867 4112 2950 4182 de
3017 4112 3111 4182 his
3184 4108 3638 4183 controversiis
3701 4108 3893 4187 oons-

988 4222 1208 4321 criptis
1254 4217 1565 4292 formulas
1596 4204 2002 4296 convitiandi
2017 4266 2042 4304 ‚
2074 4213 2368 4307 egregios
2404 4208 2637 4296 scilicet
2671 4207 2967 4282 flosculos
2991 4259 3018 4295 ‚
3055 4206 3522 4302 excerpserunt.

1164 4367 1526 4442 ,Nimirum
1551 4415 1574 4447 ‚
1612 4359 2174 4456 quemadmodum
2210 4358 2374 4428 rixae
2414 4354 2582 4428 inter
2630 4351 2858 4427 fratres
2900 4345 3273 4446 vicinosque
3302 4401 3328 4438 ‚
3356 4346 3561 4421 ficubi
3591 4343 3893 4461 accensa:

994 4468 1150 4545 fimt
1177 4516 1199 4553 ‚
1248 4458 1711 4538 ardentiflimae
1753 4455 1873 4531 este
1922 4455 2396 4530 consueverunt
2437 4479 2456 4521 t
2501 4454 2595 4524 ita
2637 4448 2961 4524 veriffune
2992 4449 3230 4520 dixeris
3260 4498 3286 4535 ‚
3328 4449 3498 4520 inter
3544 4471 3659 4517 eos
3685 4496 3715 4533 ,
3773 4469 3894 4538 qm

941 4621 947 4626 -
998 4565 1325 4641 sententiis
1364 4586 1566 4658 quam
1598 4559 1885 4631 maxime
1906 4557 2105 4630 vicini
2133 4552 2282 4623 sunt
2300 4601 2323 4636 ‚
2361 4567 2562 4642 atque
2601 4548 2765 4620 adeo
2793 4598 2819 4636 ,
2864 4548 2978 4641 qui
3012 4548 3081 4618 in
3118 4543 3263 4615 solis
3305 4543 3699 4639 quandoque
3741 4555 3897 4618 ver.

997 4664 1103 4746 bis
1147 4657 1447 4746 diffident
1469 4710 1496 4751 ‚
1540 4651 1986 4737 fervidissimas
2028 4654 2413 4748 plerumque
2458 4646 2901 4721 altercationes
2944 4643 3353 4723 intercedere.
3675 4738 3781 4824 Q
3810 4734 3905 4809 σᾶ

1200 4803 1210 4815 ·
3757 4761 3810 4807 u
