4188 5670
1003 277 1767 360 Ervom-on?
1907 223 2633 392 Cain—VIII.
3175 317 3264 388 91

372 465 576 543 dendo
621 489 771 565 pars
825 465 1366 564 praetermittatur
1384 513 1409 551 ‚
1464 484 1617 561 quae
1661 457 2179 540 consideratione
2243 467 2444 563 digna
2494 472 2586 544 est
2635 498 2655 546 ε
2714 470 2860 548 satis
2904 474 2976 548 in
3025 478 3273 549 caeteris
3314 546 3318 550 .

373 568 728 680 arbitrariae
768 569 1103 667 pleraeque
1147 563 1299 641 sunt
1329 560 1701 639 divifiones.

547 772 622 843 Si
668 767 803 869 qut}
850 772 1112 841 nimium
1153 786 1345 842 tenax
1379 757 1815 837 vocabulorum
1866 762 2052 839 valde
2069 769 2449 865 generalium
2472 822 2495 858 ,
2522 795 2659 872 qua
2684 787 2799 843 aut
2829 769 2986 844 nihil
3009 769 3270 863 ᾰιζΙῐίηὲἶι·
3311 806 3371 864 3,-
3366 817 3544 880 gnum

361 865 696 966 fignificant
717 915 745 955 ‚
801 885 916 941 aut
948 864 1137 958 nescio
1185 883 1339 967 quot
1362 859 1817 960 signficationes
1860 862 2206 940 admittunt
2248 917 2274 955 ,
2315 868 2508 964 juffus
2552 873 2656 943 illa
2675 870 2967 961 explicare
2996 921 3022 957 ,
3064 872 3268 957 haret,
3314 891 3467 949 Vm,

370 970 622 1043 clariora
643 989 760 1038 non
782 971 1021 1039 invenit
1043 1014 1068 1053 ‚
1119 980 1415 1039 contentus
1442 1009 1469 1050 ,
1508 957 1699 1032 verba
1708 958 1832 1049 sua
1870 980 2168 1063 tanquam
2196 968 2522 1059 clariffima
2552 968 2875 1041 identidem
2926 971 3225 1041 inculcare
3255 997 3275 1036 .-

371 1090 502 1141 cum
539 1091 612 1139 eo
642 1061 711 1155 fi
743 1064 1091 1157 disputetur
1123 1110 1148 1150 ,
1192 1061 1519 1154 disputatio
1562 1058 1895 1158 plerunque
1943 1063 2330 1158 Logomachia
2371 1071 2466 1160 ςβ.
2504 1138 2508 1142 ,
2562 1069 2728 1140 Non
2771 1066 3002 1139 desunt
3025 1117 3048 1152 ,
3102 1068 3215 1161 qui
3255 1117 3277 1152 ‚

373 1188 517 1237 cum
561 1179 853 1236 utuntur
902 1158 1238 1235 vocabulo
1286 1159 1507 1252 aliquo
1555 1159 1900 1230 communi
1939 1158 2060 1231 usu
2100 1164 2259 1235 trito
2289 1210 2308 1244 ‚
2349 1167 2450 1236 cui
2495 1186 2720 1238 tamen
2766 1167 2836 1236 in
2884 1183 3106 1236 mente
3144 1165 3289 1236 nul-

375 1262 432 1336 la
462 1261 756 1335 distincta
795 1262 982 1334 notio
1007 1306 1032 1347 ‚
1077 1257 1186 1333 sed
1225 1281 1396 1352 vaga
1429 1273 1695 1329 tannim
1725 1308 1749 1344 ,
1798 1258 1898 1329 uti
1945 1259 2306 1354 loquuntur
2336 1313 2362 1351 ‚
2399 1262 2667 1340 confusa
2704 1266 2769 1334 &
2808 1264 3116 1358 generalis
3170 1262 3294 1336 res-
3360 1301 3395 1338 ο

377 1361 619 1456 pondet
637 1389 663 1445 ‚-
706 1388 729 1442 3
779 1358 1202 1433 nihilominus
1229 1404 1257 1445 ,
1309 1355 1464 1450 quia
1512 1351 1758 1428 usitato
1809 1354 2138 1431 vooebulo
2186 1381 2465 1433 utuntur
2494 1412 2518 1449 ‚
2579 1358 2916 1436 clariffime
2965 1358 3086 1432 fibi
3114 1362 3296 1456 loqui

378 1459 702 1533 videntur·
807 1458 936 1546 Hi,
995 1480 1148 1530 cum
1185 1452 1304 1551 ipfi
1334 1502 1362 1542 ‚
1422 1452 1583 1548 quid
1627 1453 1833 1526 velint
1856 1504 1880 1541 ‚
1929 1457 2097 1528 clare
2128 1460 2191 1529 ἃ
2232 1459 2522 1532 distincte
2549 1486 2687 1532 non
2711 1460 3072 1553 intelligant
3100 1512 3120 1546 ,
3164 1483 3297 1554 qua

377 1558 626 1633 ratione
669 1582 783 1631 eos
827 1554 1187 1651 intelligere
1237 1571 1560 1650 poterunt
1607 1553 1702 1640 ii,
1746 1554 1863 1646 qui
1902 1554 2206 1628 adversus
2269 1583 2385 1638 eos¹
2433 1556 2762 1653 disputant
2801 1557 2835 1629 ‚9
2904 1562 2992 1631 At
3037 1558 3136 1630 isti
3173 1558 3293 1630 sta-

377 1656 522 1730 tim·
546 1654 616 1731 [ο
664 1654 954 1751 produnt
979 1705 1008 1744 ,
1051 1651 1104 1728 fi
1139 1650 1291 1746 jnffi
1340 1648 1552 1724 verba
1611 1647 1724 1722 sua
1759 1651 2081 1725 declarare
2107 1704 2132 1740 ‚
2176 1656 2244 1728 id
2299 1653 2512 1740 facere
2586 1682 2725 1728 non
2787 1655 3045 1751 possunt
3082 1685 3100 1726 ε
3141 1656 3300 1751 quin

382 1755 580 1827 etiam
621 1752 982 1830 irascuntur
1009 1802 1038 1841 ‚
1099 1753 1281 1847 quod
1338 1750 1448 1823 alii
1493 1748 1558 1820 se
1581 1798 1606 1837 ,
1661 1768 1801 1821 tam
1838 1750 2170 1845 perspicue
2211 1751 2444 1825 scilicet
2487 1756 2825 1849 loquentes
2866 1807 2891 1842 ,
2950 1756 3301 1848 intelligere

384 1855 654 1926 nolinu'
735 1857 874 1929 Aut
894 1849 946 1923 fi
966 1845 1122 1944 jusfi
1163 1851 1201 1919 a
1246 1845 1466 1923 verbis
1485 1899 1511 1937 ‚
1560 1871 1714 1943 quae
1740 1846 2191 1943 disputationis
2216 1849 2423 1924 cauffa
2452 1850 2571 1925 effe
2605 1852 2909 1930 videntur
2949 1902 2975 1943 ‚
3026 1852 3306 1933 abstine⁴⁴

383 1974 511 2036 τες
561 1954 803 2040 nolunt
825 2001 853 2040 ‚
907 1948 1241 2022 mordicus
1264 1944 1379 2020 sua
1423 1946 1532 2022 illa
1585 1943 1791 2023 verba
1832 1967 2066 2023 tenent
2109 1998 2135 2036 ‚
2183 1948 2445 2045 prorsus

897 2152 991 2218 Ut
1039 2146 1193 2218 cam&
1242 2147 1283 2216 ἀ
1319 2151 1476 2220 corio
1529 2169 1854 2248 nunquam
1895 2143 2329 2242 absterrebitur
2375 2148 2579 2224 κηὲῗο.

519 2379 527 2389 ·
590 2345 726 2417 Pro
788 2335 1084 2414 libertate
1107 2343 1173 2414 hi
1196 2342 1532 2416 deeertant
1567 2369 1586 2415 z
1626 2341 1890 2419 libertas
1927 2348 2004 2420 iis
2050 2344 2304 2441 semper
2345 2346 2415 2419 in
2446 2371 2560 2419 ore
2599 2344 2735 2419 est:
2779 2342 3087 2441 quicquid
3113 2350 3316 2438 agunt

396 2440 763 2534 superiores
788 2488 813 2526 ‚
865 2458 1096 2513 contra
1149 2437 1524 2514 libertatem
1570 2443 1708 2515 est:
1758 2444 2068 2540 quicquid
2109 2467 2318 2539 agunt
2344 2442 2465 2539 ipfi
2498 2496 2524 2532 ‚
2552 2446 2621 2517 id
2668 2470 2831 2519 vero
2868 2443 3133 2516 libertas
3187 2440 3319 2511 lici-
3460 2485 3487 2498 -

400 2559 560 2614 tum·
611 2539 845 2615 reddit.
975 2540 1043 2612 Si
1092 2538 1249 2611 dicis
1279 2590 1304 2628 ,
1358 2541 1489 2613 hoc
1534 2567 1783 2615 nomen
1832 2542 2024 2616 valde
2058 2543 2357 2637 generale
2428 2546 2493 2616 &
2538 2541 2935 2638 ambiguum
2977 2539 3097 2614 effe
3127 2589 3155 2627 ‚
3208 2562 3314 2610 ro-

409 2664 517 2733 gas
547 2661 557 2668 ·
577 2692 604 2727 ,
691 2638 1021 2733 explicent
1081 2638 1313 2710 clarius
1357 2688 1381 2726 ,
1459 2641 1617 2726 quid
1657 2642 1786 2713 hoc
1835 2636 2168 2715 vocabulo
2217 2641 2631 2734 intelligant:
2677 2642 3097 2734 indignantur
3134 2688 3159 2726 ‚
3198 2639 3326 2709 hoc

408 2762 781 2835 quenquam
827 2760 1148 2830 quaerere.
1241 2736 1371 2809 Sed
1421 2753 1644 2809 tamen
1668 2787 1690 2824 ‚
1731 2741 1945 2831 pergis
1971 2787 1998 2823 ‚
2065 2761 2153 2807 an
2189 2734 2563 2808 libertatem
2593 2739 2941 2832 intelligitis
2994 2740 3198 2810 totius
3245 2736 3329 2808 ci·

412 2837 625 2911 vitatis
657 2888 680 2925 ,
718 2862 802 2910 an
848 2832 1284 2929 singulorum
1312 2831 1559 2906 civium
1591 2860 1611 2906 ε
1677 2838 1744 2908 &
1785 2831 1838 2906 fi
1882 2835 2053 2909 hanc
2073 2884 2101 2922 ‚
2145 2859 2230 2906 an
2270 2835 2759 2935 immunitatem
2810 2834 2897 2912 ab
2943 2839 3128 2910 omni
3179 2831 3331 2910 sub-

409 2931 690 3025 jectione
724 2938 848 3007 hac
903 2958 1076 3006 voce
1120 2927 1496 3025 fignificatis
1512 2982 1541 3019 ,
1595 2958 1678 3005 an
1727 2932 1764 3004 ὲ
1808 2936 1997 3007 certis
2046 2926 2437 3030 quibusdam
2477 2933 2784 3008 oneribus
2829 2934 2863 3010 :²
2896 2938 3030 3009 Hic
3055 2937 3333 3010 tandem

413 3033 560 3114 irati
583 3084 606 3121 ‚
644 3030 906 3107 libertas
934 3084 958 3119 ,
1011 3031 1231 3103 dicent
1255 3079 1281 3115 ‚
1340 3027 1604 3109 libertas
1648 3029 1742 3105 est
1781 3056 1801 3101 t
1845 3035 1990 3129 quis
2040 3031 2285 3121 nescit,
2343 3035 2501 3128 quid
2549 3030 2634 3109 fit
2673 3034 2933 3110 libertas
2959 3034 2995 3108 ἲ
3043 3037 3168 3109 Alii
3212 3031 3338 3125 pri-

420 3129 814 3221 vilegiorum
857 3127 1682 3224 restitutionem-flagitant.
1767 3129 2030 3204 Frustra
2077 3155 2164 3203 ex
2214 3132 2313 3204 his
2359 3134 2600 3225 quaeris
2622 3185 2649 3220 ‚
2696 3159 2851 3228 quae
2904 3132 3174 3227 tandem
3233 3127 3340 3198 illa

416 3228 760 3322 privilegia
807 3223 930 3300 smt
969 3258 988 3300 ε
1046 3228 1202 3301 nihil
1237 3221 1485 3299 habent
1509 3276 1534 3314 ,
1592 3226 1778 3321 quod
1829 3229 2047 3303 dicant
2083 3255 2107 3297 ε
2164 3228 2230 3301 &
2290 3247 2515 3301 tamen
2605 3232 2897 3322 rivilegia
2948 3227 3062 3297 sua
3111 3223 3343 3297 identi-

418 3324 573 3398 dem
612 3350 877 3421 crepare
925 3348 1214 3423 pergent.
1323 3322 1666 3398 Nimirum
1715 3327 1786 3395 in
1841 3326 1970 3396 hoc
2014 3325 2286 3395 nomine
2338 3323 2540 3397 confu
2569 3349 2606 3396 c
2656 3325 2872 3398 nescio
2915 3323 3074 3416 quid
3141 3321 3342 3406 latete

421 3442 666 3519 pumnt
714 3473 740 3514 ‚
817 3425 1002 3519 cujus
1042 3425 1096 3501 fi
1154 3441 1493 3520 compotes
1538 3418 1738 3496 effent
1777 3467 1806 3509 ,
1857 3414 2202 3496 felicissimi
2234 3417 2459 3496 forent
2503 3423 2918 3497 mortalium.

625 3621 757 3695 Hic
789 3642 1012 3698 tamen
1046 3618 1259 3721 probe
1292 3617 1621 3697 observari
1663 3617 1865 3692 velim
1910 3635 1931 3681 τ
1971 3620 2102 3693 hoc
2145 3641 2254 3693 me
2291 3616 2762 3712 Logomachiae
2800 3616 3059 3714 signum
3090 3616 3346 3696 dicerer

425 3713 480 3792 fi
539 3724 687 3814 quis
733 3719 1054 3797 abstinere
1090 3748 1231 3799 non
1271 3721 1421 3795 vult
1453 3720 1493 3792 ὲ
1526 3743 1693 3794 voce
1738 3715 2038 3794 obscurae
2070 3721 2139 3793 δι
2175 3715 2509 3813 ambiguae
2554 3715 3059 3814 significationis.
3144 3716 3353 3813 Quod

426 3814 485 3890 fi
537 3821 716 3893 enim
754 3843 898 3891 vox
943 3822 1139 3897 vaide
1183 3820 1352 3893 clara
1398 3821 1464 3891 &
1516 3814 1852 3913 perspicua
1897 3816 1991 3891 est
2008 3864 2040 3908 ,
2093 3834 2172 3892 ut
2217 3817 2337 3893 vix
2383 3812 2960 3911 fignificantiorem
3017 3819 3304 3896 invenias
3333 3847 3354 3887 .-

431 3916 544 3988 ille
586 3914 893 3991 tenebras
929 3944 1230 4016 quarere
1290 3918 1553 3998 videtur
1574 3965 1607 4003 ‚
1651 3917 1766 4010 qui
1803 3941 2046 3992 vocem
2082 3917 2327 4016 claram
2366 3911 2535 3989 ferre
2577 3941 2717 3992 non
2750 3914 2965 4012 potest
2988 3966 3012 4003 ,
3060 3917 3170 3995 sed
3202 3919 3352 3991 huic

431 4015 635 4089 aliam
690 4013 988 4091 substitui
1032 4019 1201 4091 vu‘lt.
1303 4016 1405 4089 Ita
1454 4013 1711 4087 nullum
1757 4014 1849 4088 est
1892 4012 2176 4089 dubium
2193 4061 2222 4103 ,
2286 4012 2564 4088 Arianos
2617 4016 2779 4089 olim
2834 4041 3069 4090 vocem
3096 4021 3351 4108 ‹imao-lu

430 4112 733 4208 respuiffe
763 4164 787 4200 ,
840 4139 982 4187 non
1029 4135 1296 4211 propter
1341 4113 1526 4213 vocis
1565 4109 2068 4206 ambiguitatem
2099 4160 2127 4201 ,
2171 4110 2280 4186 sed
2329 4134 2599 4208 propter
2641 4115 2914 4187 nimiam
2949 4113 3360 4212 perspicuita-

383 4292 386 4295 Α
435 4226 576 4283 tem
627 4240 651 4282 .-
697 4237 851 4305 quae
900 4239 1038 4287 non
1088 4208 1380 4308 permisit
1424 4258 1452 4299 ,
1527 4229 1607 4281 ut
1657 4209 2043 4284 sententiam
2113 4208 2300 4285 suam
2358 4230 2678 4305 tegerent·
2713 4241 2743 4296 ,-
2820 4210 3181 4289 maluiffent
3235 4208 3361 4281 sub

448 4305 938 4383 obscurioribus
991 4310 1269 4385 vocibus
1309 4310 1565 4389 diutius
1615 4306 1979 4386 delitescere
2025 4333 2050 4382 t
2104 4334 2304 4405 quare
2353 4333 2498 4388 non
2555 4306 2959 4387 vocabulum
2979 4360 3007 4400 ‚
3064 4311 3175 4387 sed
3216 4328 3366 4380 rem

462 4404 732 4499 rejecisse
807 4407 958 4484 sunt
1017 4408 1333 4485 censendi.

649 4609 733 4686 δι’
774 4603 927 4685 duos
970 4611 1132 4693 inter
1150 4605 1222 4699 st
1244 4600 1614 4701 daesptaantes
1658 4603 1839 4685 audii
1855 4650 1882 4702 ‚
1925 4606 2003 4683 de
2048 4625 2119 4705 re
2134 4628 2351 4789 inquis
2396 4616 2646 4695 neptum
2681 4618 2870 4685 tuum
2918 4625 3037 4685 non
3061 4594 3413 4769 fi‘P‘md:
3428 4571 3671 4723 *ἃς*
