4188 5670
1055 304 1842 399 Eaunrrpn.
1970 304 2252 382 Care
2372 260 2606 386 ν..
2779 308 2784 313 ’
3202 326 3285 400 53

348 562 361 571 ,
541 489 797 575 Omnes
821 487 981 563 mihi
1008 486 1599 581 Logomachiarum
1623 486 1855 564 cauffie
1886 491 1972 563 ad
2008 490 2153 567 duo
2177 488 2589 585 potissmium
2616 507 2870 585 genera*
2895 479 3116 557 referri
3156 479 3294 575 pos-
3339 494 3614 573 [ogmar

362 589 432 666 se
457 589 764 665 videntur
810 589 1041 682 :culpa
1068 588 1245 658 enim
1270 587 1463 679 hujus
1489 593 1581 662 rei
1617 589 1723 663 vel
1765 596 1830 660 in
1850 592 2093 688 linguas
2117 641 2141 678 ,
2175 591 2417 684 quibus
2441 588 2842 686 disputantes
2862 601 3166 668 utuntur,
3198 604 3298 652 re-
3338 574 3583 638 chinum

360 689 477 785 jici
496 686 735 784 potest,
764 697 870 765 vel
896 689 965 761 in
995 682 1142 784 ipfhs
1173 684 1545 778 disputantes
1571 716 1590 760 ε
1618 689 1701 762 de
1726 687 1843 763 illo
1862 692 2070 785 prius,
2099 691 2182 762 de
2208 693 2420 768 altero
2445 691 2744 782 deinceps
2776 683 3012 755 dicam.
3253 698 3258 703 ·
3345 657 3525 797 {m}
3542 736 3616 798 ‘a
3670 732 3684 753 .

334 852 353 863 .
3351 818 3474 877 duo-
3513 835 3680 877 mm

420 928 434 938 ·
525 901 889 983 Enimvero
919 902 971 980 fi
999 904 1145 1000 quis
1175 903 1268 977 est
1290 904 1457 978 inter
1485 906 1757 1002 Spiritus
1793 906 1833 978 ὲ
1858 933 2140 1004 corpore
2169 911 2492 1004 sejunctos
2527 900 3034 990 diffensus‚hunc
3069 916 3307 972 verum
3352 837 3615 1000 redargue.

364 1004 491 1087 effe
513 1005 854 1086 diffensum
872 1055 893 1085 ,
926 1027 1271 1098 nunquam
1291 1025 1710 1098 apparentem
1744 1027 2005 1081 tantum
2043 1062 2068 1097 ,
2093 1007 2435 1105 probabile
2482 1003 2611 1095 est,
2659 999 3124 1076 sententiarum
3161 1016 3303 1067 non
3346 983 3661 1078 {mmmm

365 1107 781 1184 verborum:
826 1124 1197 1199 propterea,
1227 1102 1407 1196 quod
1435 1107 1720 1199 cogitata
1750 1102 1885 1192 sua,
1917 1133 2051 1180 non
2082 1107 2359 1183 vocibus
2383 1125 2499 1178 aut
2525 1102 2663 1175 aliis
2711 1096 3084 1192 hujusmodi
3107 1089 3301 1187 signis
3332 1079 3629 1222 &2532

364 1210 441 1283 in
483 1202 693 1281 sensus
739 1199 1263 1280 incurrentibus3
1301 1199 1405 1272 (ed
1431 1226 1548 1275 aut
1579 1203 1710 1276 sola
1739 1202 2080 1279 voluntate
2107 1260 2132 1295 ,
2156 1228 2271 1281 aut
2297 1207 2424 1279 alio
2449 1201 2743 1298 quodam
2777 1193 3105 1292 cogitandi
3155 1216 3299 1265 mo·
3339 1244 3466 1284 m„
3492 1223 3684 1307 ἅψας

367 1308 463 1380 do
492 1302 679 1378 nobis
715 1303 1053 1398 incognito
1094 1300 1200 1371 alii
1248 1300 1387 1371 aliis
1423 1300 1751 1373 manifesta
1792 1299 2065 1377 faciunt.
2125 1310 2214 1380 At
2243 1305 2499 1378 nullum
2545 1301 2726 1385 ,inter
2776 1320 2898 1369 nos
2928 1345 2953 1380 ,
2982 1289 3301 1386 quamdiu
3328 1306 3669 1389 [usquam

369 1404 635 1498 corpori
668 1400 887 1473 sumus
940 1397 1126 1471 affixi
1159 1448 1184 1483 ,
1227 1397 1685 1471 immediatum
1718 1398 1807 1472 est
1829 1404 2203 1478 animorum
2246 1398 2714 1477 commercium
2763 1422 2783 1466 ε
2860 1415 3133 1485 corpore
3155 1409 3301 1461 tan-

364 1524 573 1599 quam
615 1500 977 1573 mediatore
1021 1494 1312 1593 quodam
1365 1517 1569 1590 atque
1617 1499 2026 1574 internuncio
2074 1523 2321 1576 mentes
2367 1498 2615 1574 nostrae
2658 1514 2983 1571 utuntur3
3029 1488 3310 1580 ejusque
3347 1568 3354 1577 ‚

364 1597 711 1685 motibus,
760 1612 839 1669 ac
864 1600 1199 1692 praecipue
1234 1597 1364 1667 oris
1410 1592 1713 1681 vocibus,
1739 1597 1896 1689 quid
1945 1590 2245 1688 sentiant,
2281 1594 2685 1697 significant:
2729 1616 2884 1688 quae
2923 1586 3101 1683 figna
3141 1604 3300 1659 cum

364 1699 542 1793 saepe
586 1694 898 1790 ambigua
926 1699 990 1768 ἃ
1019 1694 1268 1768 fallacia
1320 1691 1473 1783 fint,
1504 1690 1586 1767 fit
1634 1744 1658 1782 ‚
1689 1714 1765 1766 ut
1793 1694 2134 1790 saepiffime
2175 1702 2344 1772 inter
2392 1721 2510 1769 nos
2534 1694 2857 1788 litigemus
2884 1739 2909 1778 ,
2941 1711 3080 1793 non
3106 1682 3296 1779 quod

365 1823 603 1873 revera
630 1792 881 1870 diversa
901 1792 1212 1867 sentimus
1232 1845 1259 1882 ‚
1287 1791 1396 1866 sed
1443 1792 1625 1890 quod
1659 1794 1765 1865 alii
1785 1795 1945 1869 alios
1974 1824 2114 1872 non
2151 1797 2591 1894 intelligimus.

503 2011 784 2085 Fallacia
808 2026 1006 2102 atque
1036 2005 1358 2104 ‚ambigua
1381 2008 1522 2081 haec
1536 2005 1721 2105 figna
1766 2036 1941 2087 voco
1970 2039 1992 2087 ε
2025 2016 2204 2088 nulla
2229 2015 2404 2087 enim
2442 2031 2518 2085 ut
2538 2009 2691 2081 hinc
2724 2004 3052 2098 incipiam,
3077 1998 3298 2095 lingua
3343 1986 3616 2092 Ρὶθῖψῖὲ

373 2111 474 2184 est
500 2159 529 2196 ‚
566 2134 719 2202 quae
744 2131 882 2178 non
917 2108 1195 2201 plurima
1217 2105 1452 2179 habeat
1495 2107 1824 2184 vocabula
1848 2113 2181 2201 πολῢημα
2207 2110 2455 2187 diversa
2475 2102 2936 2202 significantia:
2977 2098 3186 2196 (quae
3214 2097 3297 2171 de
3341 2088 3486 2215 :ms-
3500 2076 3691 2174 *sff‘

369 2204 724 2284 vocabulis
755 2205 902 2276 dico
953 2250 975 2277 ‚
1028 2205 1250 2303 eadem
1290 2206 1372 2279 de
1408 2206 1854 2281 locutionibus
1878 2230 2077 2305 atque
2112 2212 2278 2285 adeo
2303 2212 2385 2284 de
2412 2212 2662 2301 integra
2693 2205 2990 2277 oratione
3024 2195 3295 2293 intelligi
3330 2176 3584 2313 ᾖξ’,ηἴηζ
3597 2178 3700 2305 23&

366 2306 630 2400 semper
663 2299 924 2393 veiim)
978 2303 1151 2377 unde
1190 2304 1377 2377 toties
1414 2306 1684 2393 accidit,
1742 2328 1820 2381 ut
1848 2308 2049 2383 verba
2078 2335 2338 2398 eorum,
2386 2304 2778 2403 quibuscum
2830 2297 3230 2394 disputamus
3262 2344 3288 2383 ‚
3331 2318 3564 2399 sputan-

368 2408 553 2479 aliter
589 2420 787 2494 atquc
812 2398 927 2471 ista
952 2396 1041 2470 ab
1068 2404 1145 2474 iis
1181 2400 1633 2498 intelliguntur
1674 2456 1696 2490 ‚
1725 2407 2249 2502 interpretemur,
2350 2404 2694 2480 Djffentire
2737 2399 2828 2474 est
2851 2400 2934 2472 de
2964 2396 3193 2468 eadem
3221 2417 3291 2464 re
3348 2404 3492 2498 tium
3523 2419 3658 2484 pro.

367 2500 619 2576 diverfir
644 2497 913 2573 sentire:
960 2496 1066 2570 fed
1087 2526 1239 2574 cum
1266 2500 1439 2595 saepe
1487 2500 1753 2575 diversis
1773 2504 1966 2578 rebus
1996 2509 2171 2581 idem
2193 2532 2440 2581 nomen
2487 2497 2872 2596 impolitum
2894 2494 3008 2581 est,
3044 2490 3125 2566 fit
3147 2542 3180 2578 r
3219 2510 3299 2560 ut
3341 2498 3523 2553 venne,
3552 2505 3681 2545 vera

369 2599 704 2675 interdum
735 2594 1063 2669 diffentire
1085 2600 1433 2673 videantur
1463 2599 1545 2671 de
1571 2601 1803 2677 eadem
1823 2630 1927 2694 re,
1964 2609 2085 2701 qui
2107 2631 2250 2682 non
2272 2602 2400 2680 nifi
2430 2602 2512 2677 de
2537 2597 2734 2674 rebus
2774 2589 3046 2669 diversis
3061 2589 3297 2663 codem
3348 2562 3541 2662 ΨΜ
3565 2586 3680 2669 ’(ξα·

374 2701 639 2775 nomine
660 2693 1035 2792 fignificatis
1062 2697 1318 2774 diversa
1343 2696 1645 2775 sentiunt.
3345 2643 3686 2805 235?ssss

3347 2828 3551 2871 vocum
3579 2814 3693 2874 ‘ho-

494 2957 504 2967 '
542 2945 547 2950 ’
586 2943 971 3017 saltationes
998 2937 1151 3014 sunt
1181 2942 1299 3035 qui
1346 2940 1643 3030 laudant,
1670 2942 1819 3018 suut
1861 2947 1976 3040 qui
2003 2965 2412 3021 execrantur.
2506 2940 2773 3040 Qida?
2801 2958 2989 3016 tanta
3012 2963 3095 3013 ne
3136 2940 3305 3014 inter
3347 2908 3652 3035 Ξΐῖζζζα·

374 3042 672 3119 homines
695 3041 989 3132 ejusdem
1013 3040 1281 3115 rationis
1306 3044 1648 3138 participes
1664 3040 2139 3118 sententiarum
2165 3046 2255 3119 est
2279 3046 2573 3132 distantia
2596 3043 2631 3115 ἲ
2674 3044 2891 3117 Tanta
2913 3040 3182 3136 quidem
3205 3038 3305 3107 vi-
3355 3056 3538 3137 vasta
3557 3060 3624 3118 de

368 3145 573 3221 ,detur
594 3188 620 3225 ,
664 3136 724 3209 fi
749 3143 815 3211 in
854 3135 1079 3211 verbis
1120 3143 1482 3212 haeremus:
1524 3160 1591 3215 at
1622 3139 1699 3231 fi,
1738 3166 2000 3226 remoto
2042 3143 2408 3258 verborum
2457 3144 2802 3220 involucro
2834 3193 2858 3229 ,
2908 3164 3051 3214 rem
3096 3131 3306 3228 ipsam
3339 3134 3668 3211 saltationi-

380 3257 696 3336 putamus
727 3286 752 3322 ‚
776 3237 1070 3308 videmus
1103 3258 1356 3312 tantam
1379 3239 1772 3330 judiciorum
1799 3240 2244 3317 diverfitatem
2271 3262 2408 3317 non
2431 3242 2550 3317 effe
2575 3244 2656 3315 de
2685 3241 2912 3313 eadem
2941 3263 3012 3310 re
3035 3286 3059 3320 ,
3083 3231 3191 3302 scd
3218 3229 3301 3300 de
3356 3216 3478 3330 ⁶3⁰⁸

364 3339 578 3414 ‚rebus
618 3331 1068 3408 diversiffimis.
1141 3339 1273 3408 Hic
1298 3334 1552 3409 fortasse
1589 3338 1939 3411 saltationis
1970 3366 2146 3413 voce
2169 3341 2381 3428 nescio
2417 3364 2618 3434 quam
2644 3357 2956 3410 motuum
3006 3328 3308 3399 mimico-

378 3445 533 3512 rum
582 3436 1015 3530 petulantiam
1055 3435 1139 3507 ad
1193 3433 1524 3506 lasciviam
1572 3436 1984 3508 excitandam
2026 3437 2215 3507 unice
2262 3441 2756 3529 comparatam3
2807 3433 2911 3503 ille
2959 3423 3298 3503 honestam

381 3535 713 3632 quandam
760 3537 1044 3626 corporis
1088 3533 1630 3605 exercitationem
1675 3534 1758 3607 ad
1795 3532 1935 3624 ejus
1973 3528 2420 3603 mobilitatem
2461 3584 2487 3619 ,
2537 3529 2988 3616 venustatem,
3023 3526 3302 3620 dignita-

379 3627 655 3729 temque
701 3632 1063 3727 augeudam
1112 3630 1475 3704 institutam
1523 3631 1849 3728 intelligit.
2039 3630 2226 3719 Qid·
2251 3629 2499 3704 mirum
2521 3630 2720 3726 igitur
2743 3678 2767 3717 ,
2791 3624 2842 3701 fi
2867 3628 2949 3700 de
2987 3616 3308 3722 oppofitis

378 3731 674 3830 oppofita
735 3727 1100 3804 dicuntur?
1912 3743 1916 3748 “

587 3929 714 4004 Sed
745 3951 1133 4023 quanquam
1182 3930 1329 4001 haec
1366 3921 1679 4002 omnibus
1722 3947 1886 4004 nota
1918 3925 2043 4004 sint
2068 3980 2092 4017 ,
2134 3928 2327 4024 pauci
2393 3950 2620 4005 tamen
2654 3925 2801 4000 satis
2849 3921 3298 4007 considerant,
3346 3874 3626 4010 ξῖἕίπι.

379 4054 532 4125 quae
591 4027 670 4101 sit
718 4029 916 4120 hujus
962 4027 1552 4121 Logomachiarum
1600 4027 1800 4101 fontis
1852 4023 2140 4102 ubertas·
2222 4029 2373 4099 Dici
2426 4031 2602 4101 enim
2640 4051 2772 4099 non
2807 4024 3061 4120 potest,
3095 4048 3302 4116 quan·
3333 4029 3518 4110 fimtis

378 4150 448 4201 ta
502 4123 583 4200 sit
628 4150 876 4200 vocum
915 4127 985 4198 in
1027 4121 1339 4198 omnibus
1381 4124 1617 4219 linguis
1653 4128 2168 4220 homonymia,
2209 4147 2451 4221 quanta
2488 4123 2821 4222 phrasium
2873 4119 3293 4218 amphibolia.
3349 4112 3593 4171 ubertas.

377 4224 653 4299 Hebraei
679 4250 816 4297 uno
850 4222 1061 4297 verbo
1095 4248 1233 4294 non
1282 4240 1545 4295 tantum
1586 4224 1835 4297 diversa
1870 4224 1975 4295 sed
2010 4225 2332 4296 contraria
2379 4243 2633 4297 notant·
2747 4223 3037 4298 Evolvat
3075 4223 3306 4321 aliquis

387 4324 617 4397 Lexica
654 4349 675 4393 ε
722 4342 1062 4416 percurrat
1106 4321 1345 4394 indices
1418 4324 1807 4404 auctorum3
1846 4321 2138 4414 inspiciat
2187 4323 2703 4396 Concordantias
2757 4370 2782 4407 ‚
2815 4344 2973 4415 quas
3012 4344 3253 4395 vocant
3278 4352 3314 4405 ε.

374 4422 672 4506 ,videbit,
708 4445 939 4493 omnes
996 4417 1484 4514 propemodum
1525 4421 1834 4513 loquendi
1892 4419 2173 4505 formas,
2232 4422 2461 4491 omnia
2526 4421 2834 4503 nomina,
2876 4417 3099 4488 omnia
3159 4441 3311 4489 ver.

390 4516 501 4608 ba,
529 4523 663 4594 imo
711 4543 944 4593 omnes
974 4518 1285 4592 orationis
1336 4518 1683 4609 particulas
1724 4519 1801 4594 in
1841 4519 2073 4608 iisdem
2113 4517 2348 4611 linguis
2394 4514 2643 4590 diversa
2691 4510 3110 4609 significate,
3162 4534 3318 4582 nou

3159 4619 3319 4669 tau-
