<?xml version="1.0" encoding="UTF-8"?>
<!DOCTYPE html PUBLIC "-//W3C//DTD XHTML 1.0 Transitional//EN"
    "http://www.w3.org/TR/xhtml1/DTD/xhtml1-transitional.dtd">
<html xmlns="http://www.w3.org/1999/xhtml" xml:lang="en" lang="en">
 <head>
  <title>
</title>
<meta http-equiv="Content-Type" content="text/html;charset=utf-8" />
  <meta name='ocr-system' content='tesseract 3.04.00' />
  <meta name='ocr-capabilities' content='ocr_page ocr_carea ocr_par ocr_line ocrx_word'/>
</head>
<body>
  <div class='ocr_page' id='page_1' title='image "./opusculatheolog00weregoog/opusculatheolog00weregoog_0176.png"; bbox 0 0 4188 5670; ppageno 0'>
   <div class='ocr_carea' id='block_1_1' title="bbox 959 199 3172 352">
    <p class='ocr_par' dir='ltr' id='par_1_1' title="bbox 959 199 3172 352">
     <span class='ocr_line' id='line_1_1' title="bbox 959 199 3172 352; baseline -0.007 -11"><span class='ocrx_word' id='word_1_1' title='bbox 959 273 1096 352; x_wconf 76' lang='lat'><strong>138</strong></span> <span class='ocrx_word' id='word_1_2' title='bbox 1696 199 2601 332; x_wconf 50' lang='lat' dir='ltr'><strong>DeF1nr-nuss</strong></span> <span class='ocrx_word' id='word_1_3' title='bbox 2712 245 3172 340; x_wconf 72' lang='lat' dir='ltr'><strong>Munnx</strong></span> 
     </span>
    </p>
   </div>
   <div class='ocr_carea' id='block_1_2' title="bbox 809 403 3879 1679">
    <p class='ocr_par' dir='ltr' id='par_1_2' title="bbox 809 403 3857 802">
     <span class='ocr_line' id='line_1_2' title="bbox 843 403 3857 508; baseline -0.002 -16"><span class='ocrx_word' id='word_1_4' title='bbox 843 427 900 443; x_wconf 83' lang='lat'><strong>‘&#39;‘</strong></span> <span class='ocrx_word' id='word_1_5' title='bbox 938 419 1142 492; x_wconf 77' lang='lat' dir='ltr'><strong>coelos</strong></span> <span class='ocrx_word' id='word_1_6' title='bbox 1163 417 1545 496; x_wconf 80' lang='lat' dir='ltr'><strong>metiendos,</strong></span> <span class='ocrx_word' id='word_1_7' title='bbox 1572 439 1732 491; x_wconf 89' lang='lat' dir='ltr'><strong>tunc</strong></span> <span class='ocrx_word' id='word_1_8' title='bbox 1769 411 1980 492; x_wconf 82' lang='lat' dir='ltr'><strong>nescio</strong></span> <span class='ocrx_word' id='word_1_9' title='bbox 2007 433 2139 508; x_wconf 83' lang='lat' dir='ltr'><strong>qua</strong></span> <span class='ocrx_word' id='word_1_10' title='bbox 2184 404 2713 502; x_wconf 77' lang='lat' dir='ltr'><strong>metamorphofi·</strong></span> <span class='ocrx_word' id='word_1_11' title='bbox 2740 404 2994 496; x_wconf 76' lang='lat' dir='ltr'><strong>infinita</strong></span> <span class='ocrx_word' id='word_1_12' title='bbox 3014 403 3517 506; x_wconf 59' lang='lat' dir='ltr'><strong>tihiyideretur,</strong></span> <span class='ocrx_word' id='word_1_13' title='bbox 3548 418 3857 505; x_wconf 66' lang='lat' dir='ltr'><strong>quamvis</strong></span> 
     </span>
     <span class='ocr_line' id='line_1_3' title="bbox 809 506 3855 608; baseline -0.003 -18"><span class='ocrx_word' id='word_1_14' title='bbox 809 507 824 516; x_wconf 73' lang='grc'><em>“</em></span> <span class='ocrx_word' id='word_1_15' title='bbox 939 518 1002 589; x_wconf 89' lang='lat' dir='ltr'><strong>ei</strong></span> <span class='ocrx_word' id='word_1_16' title='bbox 1024 542 1106 590; x_wconf 91' lang='lat' dir='ltr'><strong>ne</strong></span> <span class='ocrx_word' id='word_1_17' title='bbox 1133 519 1339 589; x_wconf 86' lang='lat' dir='ltr'><strong>hilum</strong></span> <span class='ocrx_word' id='word_1_18' title='bbox 1366 517 1627 608; x_wconf 85' lang='lat' dir='ltr'><strong>quidem</strong></span> <span class='ocrx_word' id='word_1_19' title='bbox 1651 511 1989 587; x_wconf 80' lang='lat' dir='ltr'><strong>acceffiffet</strong></span> <span class='ocrx_word' id='word_1_20' title='bbox 2025 510 2061 582; x_wconf 67' lang='grc' dir='ltr'><em>ἲ</em></span> <span class='ocrx_word' id='word_1_21' title='bbox 2114 506 2405 581; x_wconf 70' lang='lat' dir='ltr'><strong>Haberoe</strong></span> <span class='ocrx_word' id='word_1_22' title='bbox 2433 507 2630 601; x_wconf 87' lang='lat' dir='ltr'><strong>igitur</strong></span> <span class='ocrx_word' id='word_1_23' title='bbox 2672 525 3075 599; x_wconf 65' lang='lat' dir='ltr'><strong>&#39;conceptum</strong></span> <span class='ocrx_word' id='word_1_24' title='bbox 3107 509 3397 600; x_wconf 73' lang='lat' dir='ltr'><strong>corporis</strong></span> <span class='ocrx_word' id='word_1_25' title='bbox 3417 506 3590 592; x_wconf 71' lang='lat' dir='ltr'><strong>finiti</strong></span> <span class='ocrx_word' id='word_1_26' title='bbox 3610 561 3639 600; x_wconf 87' lang='lat'><em>‚</em></span> <span class='ocrx_word' id='word_1_27' title='bbox 3664 534 3855 587; x_wconf 76' lang='lat' dir='ltr'><strong>extra</strong></span> 
     </span>
     <span class='ocr_line' id='line_1_4' title="bbox 935 603 3853 707; baseline -0.001 -22"><span class='ocrx_word' id='word_1_28' title='bbox 935 616 1115 707; x_wconf 87' lang='lat' dir='ltr'><strong>quod</strong></span> <span class='ocrx_word' id='word_1_29' title='bbox 1147 615 1401 684; x_wconf 83' lang='lat' dir='ltr'><strong>nullum</strong></span> <span class='ocrx_word' id='word_1_30' title='bbox 1431 609 1581 685; x_wconf 86' lang='lat' dir='ltr'><strong>effet</strong></span> <span class='ocrx_word' id='word_1_31' title='bbox 1603 637 1855 705; x_wconf 84' lang='lat' dir='ltr'><strong>corpus.</strong></span> <span class='ocrx_word' id='word_1_32' title='bbox 1917 613 2005 685; x_wconf 85' lang='lat' dir='ltr'><strong>At</strong></span> <span class='ocrx_word' id='word_1_33' title='bbox 2024 607 2181 702; x_wconf 88' lang='lat' dir='ltr'><strong>quid</strong></span> <span class='ocrx_word' id='word_1_34' title='bbox 2224 605 2517 699; x_wconf 86' lang='lat' dir='ltr'><strong>impedit,</strong></span> <span class='ocrx_word' id='word_1_35' title='bbox 2540 603 2793 698; x_wconf 68' lang='lat' dir='ltr'><strong>quaeso,</strong></span> <span class='ocrx_word' id='word_1_36' title='bbox 2821 605 2979 695; x_wconf 85' lang='lat' dir='ltr'><strong>quin</strong></span> <span class='ocrx_word' id='word_1_37' title='bbox 3018 606 3348 678; x_wconf 80' lang='lat' dir='ltr'><strong>‘mundum</strong></span> <span class='ocrx_word' id='word_1_38' title='bbox 3393 629 3569 680; x_wconf 87' lang='lat' dir='ltr'><strong>nunc</strong></span> <span class='ocrx_word' id='word_1_39' title='bbox 3589 656 3614 694; x_wconf 88' lang='lat'><em>‚</em></span> <span class='ocrx_word' id='word_1_40' title='bbox 3644 612 3853 704; x_wconf 79' lang='lat' dir='ltr'><strong>majo-</strong></span> 
     </span>
     <span class='ocr_line' id='line_1_5' title="bbox 931 685 3539 802; baseline -0.004 -20"><span class='ocrx_word' id='word_1_41' title='bbox 931 733 1071 782; x_wconf 81' lang='lat' dir='ltr'><strong>rem</strong></span> <span class='ocrx_word' id='word_1_42' title='bbox 1097 712 1383 802; x_wconf 86' lang='lat' dir='ltr'><strong>quidem,</strong></span> <span class='ocrx_word' id='word_1_43' title='bbox 1424 706 1689 783; x_wconf 86' lang='lat' dir='ltr'><strong>finitum</strong></span> <span class='ocrx_word' id='word_1_44' title='bbox 1712 733 1958 794; x_wconf 83' lang='lat' dir='ltr'><strong>tamen,</strong></span> <span class='ocrx_word' id='word_1_45' title='bbox 1990 704 2310 796; x_wconf 82' lang='lat' dir='ltr'>concipias</span> <span class='ocrx_word' id='word_1_46' title='bbox 2331 753 2353 789; x_wconf 90' lang='lat'>‚</span> <span class='ocrx_word' id='word_1_47' title='bbox 2394 702 2577 793; x_wconf 87' lang='lat' dir='ltr'><strong>quod</strong></span> <span class='ocrx_word' id='word_1_48' title='bbox 2605 721 2764 774; x_wconf 90' lang='lat' dir='ltr'><strong>tunc</strong></span> <span class='ocrx_word' id='word_1_49' title='bbox 2791 698 3168 772; x_wconf 74' lang='lat' dir='ltr'><strong>facillimum</strong></span> <span class='ocrx_word' id='word_1_50' title='bbox 3195 685 3344 772; x_wconf 74' lang='lat' dir='ltr'><strong>effet</strong></span> <span class='ocrx_word' id='word_1_51' title='bbox 3372 701 3406 773; x_wconf 70' lang='lat'><strong>‚⁹</strong></span> <span class='ocrx_word' id='word_1_52' title='bbox 3530 727 3539 734; x_wconf 88' lang='lat'><strong>·</strong></span> 
     </span>
    </p>

    <p class='ocr_par' dir='ltr' id='par_1_3' title="bbox 920 798 3879 1679">
     <span class='ocr_line' id='line_1_6' title="bbox 1122 798 3848 901; baseline 0 -21"><span class='ocrx_word' id='word_1_53' title='bbox 1122 808 1298 880; x_wconf 78' lang='lat' dir='ltr'><strong>Daed.</strong></span> <span class='ocrx_word' id='word_1_54' title='bbox 1355 809 1536 893; x_wconf 84' lang='lat' dir='ltr'><strong>Qia</strong></span> <span class='ocrx_word' id='word_1_55' title='bbox 1588 834 1724 881; x_wconf 90' lang='lat' dir='ltr'><strong>non</strong></span> <span class='ocrx_word' id='word_1_56' title='bbox 1775 804 2026 901; x_wconf 83' lang='lat' dir='ltr'><strong>poffum</strong></span> <span class='ocrx_word' id='word_1_57' title='bbox 2045 855 2068 891; x_wconf 88' lang='lat'><em>‚</em></span> <span class='ocrx_word' id='word_1_58' title='bbox 2114 804 2274 896; x_wconf 87' lang='lat' dir='ltr'><strong>quin</strong></span> <span class='ocrx_word' id='word_1_59' title='bbox 2327 798 2529 893; x_wconf 84' lang='lat' dir='ltr'><strong>spatia</strong></span> <span class='ocrx_word' id='word_1_60' title='bbox 2578 799 2891 893; x_wconf 84' lang='lat' dir='ltr'><strong>imaginer</strong></span> <span class='ocrx_word' id='word_1_61' title='bbox 2928 811 3112 870; x_wconf 82' lang='lat' dir='ltr'><strong>ext&#39;ra</strong></span> <span class='ocrx_word' id='word_1_62' title='bbox 3158 799 3509 889; x_wconf 82' lang='lat' dir='ltr'><strong>mnndum,</strong></span> <span class='ocrx_word' id='word_1_63' title='bbox 3538 804 3720 897; x_wconf 88' lang='lat' dir='ltr'><strong>quod</strong></span> <span class='ocrx_word' id='word_1_64' title='bbox 3748 832 3848 881; x_wconf 79' lang='lat' dir='ltr'><strong>te-</strong></span> 
     </span>
     <span class='ocr_line' id='line_1_7' title="bbox 926 909 3606 999; baseline -0.002 -23"><span class='ocrx_word' id='word_1_65' title='bbox 926 926 1199 999; x_wconf 84' lang='lat' dir='ltr'><strong>pugnat.</strong></span> <span class='ocrx_word' id='word_1_66' title='bbox 3172 909 3179 916; x_wconf 90' lang='lat'>&#39;</span> <span class='ocrx_word' id='word_1_67' title='bbox 3602 941 3606 946; x_wconf 94' lang='lat'>·</span> 
     </span>
     <span class='ocr_line' id='line_1_8' title="bbox 1122 987 3859 1099; baseline 0 -26"><span class='ocrx_word' id='word_1_68' title='bbox 1122 1003 1275 1074; x_wconf 83' lang='lat' dir='ltr'><em>Phil.</em></span> <span class='ocrx_word' id='word_1_69' title='bbox 1324 1006 1410 1075; x_wconf 86' lang='lat' dir='ltr'><strong>At</strong></span> <span class='ocrx_word' id='word_1_70' title='bbox 1433 1030 1553 1099; x_wconf 88' lang='lat' dir='ltr'><strong>ego</strong></span> <span class='ocrx_word' id='word_1_71' title='bbox 1581 1003 1737 1075; x_wconf 90' lang='lat' dir='ltr'><strong>nolo</strong></span> <span class='ocrx_word' id='word_1_72' title='bbox 1767 1023 1845 1074; x_wconf 87' lang='lat' dir='ltr'><strong>ut</strong></span> <span class='ocrx_word' id='word_1_73' title='bbox 1869 998 2250 1094; x_wconf 80' lang='lat' dir='ltr'>imagineris.</span> <span class='ocrx_word' id='word_1_74' title='bbox 2279 993 2538 1068; x_wconf 81' lang='lat' dir='ltr'>Etenim</span> <span class='ocrx_word' id='word_1_75' title='bbox 2562 988 2610 1062; x_wconf 85' lang='lat' dir='ltr'><strong>fi</strong></span> <span class='ocrx_word' id='word_1_76' title='bbox 2626 993 3086 1084; x_wconf 80' lang='lat' dir='ltr'><strong>phantasmatis</strong></span> <span class='ocrx_word' id='word_1_77' title='bbox 3108 987 3233 1064; x_wconf 88' lang='lat' dir='ltr'><strong>istis</strong></span> <span class='ocrx_word' id='word_1_78' title='bbox 3245 993 3794 1073; x_wconf 65' lang='lat' dir='ltr'><strong>fiaenumlaxarae</strong></span> <span class='ocrx_word' id='word_1_79' title='bbox 3813 1055 3859 1092; x_wconf 57' lang='lat'><strong>‚5</strong></span> 
     </span>
     <span class='ocr_line' id='line_1_9' title="bbox 924 1089 3873 1194; baseline 0 -24"><span class='ocrx_word' id='word_1_80' title='bbox 924 1101 1074 1171; x_wconf 81' lang='lat' dir='ltr'><strong>haec</strong></span> <span class='ocrx_word' id='word_1_81' title='bbox 1097 1099 1293 1194; x_wconf 85' lang='lat' dir='ltr'><strong>spatia</strong></span> <span class='ocrx_word' id='word_1_82' title='bbox 1331 1089 1703 1194; x_wconf 84' lang='lat' dir='ltr'><strong>imaginaria</strong></span> <span class='ocrx_word' id='word_1_83' title='bbox 1725 1118 1910 1171; x_wconf 84' lang='lat' dir='ltr'><strong>extra</strong></span> <span class='ocrx_word' id='word_1_84' title='bbox 1936 1095 2179 1170; x_wconf 73' lang='lat' dir='ltr'><strong>terram‘</strong></span> <span class='ocrx_word' id='word_1_85' title='bbox 2205 1091 2409 1185; x_wconf 79' lang='lat' dir='ltr'><strong>&#39;usque</strong></span> <span class='ocrx_word' id='word_1_86' title='bbox 2440 1091 2664 1161; x_wconf 83' lang='lat' dir='ltr'><strong>animo</strong></span> <span class='ocrx_word' id='word_1_87' title='bbox 2690 1101 3121 1162; x_wconf 78' lang='lat' dir='ltr'><strong>occurrerent.</strong></span> <span class='ocrx_word' id='word_1_88' title='bbox 3176 1092 3303 1165; x_wconf 80' lang='lat' dir='ltr'><strong>Sed</strong></span> <span class='ocrx_word' id='word_1_89' title='bbox 3340 1096 3645 1176; x_wconf 79' lang='lat' dir='ltr'><strong>ridiculus</strong></span> <span class='ocrx_word' id='word_1_90' title='bbox 3663 1099 3873 1188; x_wconf 68' lang='lat' dir='ltr'><strong>effes„</strong></span> 
     </span>
     <span class='ocr_line' id='line_1_10' title="bbox 924 1182 3845 1284; baseline 0.001 -18"><span class='ocrx_word' id='word_1_91' title='bbox 924 1195 1154 1269; x_wconf 69' lang='lat' dir='ltr'><strong>fitum</strong></span> <span class='ocrx_word' id='word_1_92' title='bbox 1185 1198 1445 1284; x_wconf 77' lang='lat' dir='ltr'>diceres,</span> <span class='ocrx_word' id='word_1_93' title='bbox 1473 1194 1727 1270; x_wconf 81' lang='lat' dir='ltr'><strong>tametsi</strong></span> <span class='ocrx_word' id='word_1_94' title='bbox 1778 1222 1914 1268; x_wconf 91' lang='lat' dir='ltr'><strong>non</strong></span> <span class='ocrx_word' id='word_1_95' title='bbox 1959 1194 2165 1267; x_wconf 87' lang='lat' dir='ltr'><strong>modo</strong></span> <span class='ocrx_word' id='word_1_96' title='bbox 2198 1188 2546 1280; x_wconf 85' lang='lat' dir='ltr'><strong>&#39;concipere</strong></span> <span class='ocrx_word' id='word_1_97' title='bbox 2579 1182 2817 1279; x_wconf 86' lang='lat' dir='ltr'><strong>poffim</strong></span> <span class='ocrx_word' id='word_1_98' title='bbox 2846 1235 2872 1271; x_wconf 88' lang='lat'>‚</span> <span class='ocrx_word' id='word_1_99' title='bbox 2927 1184 3033 1258; x_wconf 89' lang='lat' dir='ltr'><strong>sed</strong></span> <span class='ocrx_word' id='word_1_100' title='bbox 3062 1206 3238 1264; x_wconf 81' lang='lat' dir='ltr'><strong>cetto</strong></span> <span class='ocrx_word' id='word_1_101' title='bbox 3280 1189 3475 1264; x_wconf 86' lang='lat' dir='ltr'><strong>sciam</strong></span> <span class='ocrx_word' id='word_1_102' title='bbox 3518 1195 3845 1269; x_wconf 84' lang='lat' dir='ltr'><strong>mundum</strong></span> 
     </span>
     <span class='ocr_line' id='line_1_11' title="bbox 922 1283 3879 1385; baseline 0.001 -21"><span class='ocrx_word' id='word_1_103' title='bbox 922 1291 1190 1366; x_wconf 86' lang='lat' dir='ltr'><strong>finitum</strong></span> <span class='ocrx_word' id='word_1_104' title='bbox 1219 1292 1382 1377; x_wconf 81' lang='lat' dir='ltr'><strong>effe,-</strong></span> <span class='ocrx_word' id='word_1_105' title='bbox 1418 1298 1562 1367; x_wconf 88' lang='lat' dir='ltr'><strong>licet</strong></span> <span class='ocrx_word' id='word_1_106' title='bbox 1597 1298 1737 1385; x_wconf 84' lang='lat' dir='ltr'><strong>ejus</strong></span> <span class='ocrx_word' id='word_1_107' title='bbox 1772 1291 2097 1377; x_wconf 71' lang='lat' dir='ltr'><strong>-ambitus5</strong></span> <span class='ocrx_word' id='word_1_108' title='bbox 2149 1290 2463 1361; x_wconf 77' lang='lat' dir='ltr'><strong>diameter</strong></span> <span class='ocrx_word' id='word_1_109' title='bbox 2487 1335 2511 1371; x_wconf 90' lang='lat'>,</span> <span class='ocrx_word' id='word_1_110' title='bbox 2541 1285 2791 1376; x_wconf 88' lang='lat' dir='ltr'><strong>aliaque</strong></span> <span class='ocrx_word' id='word_1_111' title='bbox 2821 1284 2981 1354; x_wconf 87' lang='lat' dir='ltr'><strong>mihi</strong></span> <span class='ocrx_word' id='word_1_112' title='bbox 3014 1308 3175 1358; x_wconf 90' lang='lat' dir='ltr'><strong>nota</strong></span> <span class='ocrx_word' id='word_1_113' title='bbox 3213 1283 3340 1360; x_wconf 83' lang='lat' dir='ltr'><strong>fint</strong></span> <span class='ocrx_word' id='word_1_114' title='bbox 3365 1309 3391 1369; x_wconf 56' lang='lat'><strong>3*</strong></span> <span class='ocrx_word' id='word_1_115' title='bbox 3414 1309 3635 1363; x_wconf 88' lang='lat' dir='ltr'><strong>tamen</strong></span> <span class='ocrx_word' id='word_1_116' title='bbox 3679 1318 3879 1368; x_wconf 86' lang='lat' dir='ltr'><strong>eum·</strong></span> 
     </span>
     <span class='ocr_line' id='line_1_12' title="bbox 921 1380 3843 1484; baseline -0 -23"><span class='ocrx_word' id='word_1_117' title='bbox 921 1388 1057 1463; x_wconf 84' lang='lat' dir='ltr'><strong>fine</strong></span> <span class='ocrx_word' id='word_1_118' title='bbox 1082 1395 1506 1484; x_wconf 83' lang='lat' dir='ltr'><strong>repugnantia</strong></span> <span class='ocrx_word' id='word_1_119' title='bbox 1532 1391 1794 1463; x_wconf 83' lang='lat' dir='ltr'><strong>finitum</strong></span> <span class='ocrx_word' id='word_1_120' title='bbox 1833 1391 2171 1480; x_wconf 83' lang='lat' dir='ltr'><strong>concipere</strong></span> <span class='ocrx_word' id='word_1_121' title='bbox 2209 1389 2509 1477; x_wconf 81' lang='lat' dir='ltr'><strong>neque03</strong></span> <span class='ocrx_word' id='word_1_122' title='bbox 2549 1381 3078 1473; x_wconf 84' lang='lat' dir='ltr'><strong>quandoquidem</strong></span> <span class='ocrx_word' id='word_1_123' title='bbox 3108 1380 3272 1454; x_wconf 87' lang='lat' dir='ltr'><strong>fines</strong></span> <span class='ocrx_word' id='word_1_124' title='bbox 3309 1387 3450 1477; x_wconf 87' lang='lat' dir='ltr'><strong>ejus</strong></span> <span class='ocrx_word' id='word_1_125' title='bbox 3499 1389 3843 1482; x_wconf 79' lang='lat' dir='ltr'><strong>imaginari,</strong></span> 
     </span>
     <span class='ocr_line' id='line_1_13' title="bbox 921 1477 3840 1582; baseline -0.002 -23"><span class='ocrx_word' id='word_1_126' title='bbox 921 1513 1058 1559; x_wconf 88' lang='lat' dir='ltr'><strong>non</strong></span> <span class='ocrx_word' id='word_1_127' title='bbox 1094 1486 1329 1582; x_wconf 79' lang='lat' dir='ltr'><strong>poffim</strong></span> <span class='ocrx_word' id='word_1_128' title='bbox 1355 1539 1376 1574; x_wconf 88' lang='lat'>,</span> <span class='ocrx_word' id='word_1_129' title='bbox 1406 1491 1563 1582; x_wconf 85' lang='lat' dir='ltr'><strong>quin</strong></span> <span class='ocrx_word' id='word_1_130' title='bbox 1586 1510 1772 1561; x_wconf 83' lang='lat' dir='ltr'><strong>extra</strong></span> <span class='ocrx_word' id='word_1_131' title='bbox 1809 1512 1964 1561; x_wconf 87' lang='lat' dir='ltr'><strong>eum</strong></span> <span class='ocrx_word' id='word_1_132' title='bbox 1990 1485 2271 1578; x_wconf 82' lang='lat' dir='ltr'><strong>spatium</strong></span> <span class='ocrx_word' id='word_1_133' title='bbox 2310 1481 2648 1572; x_wconf 79' lang='lat' dir='ltr'><strong>imaginer,</strong></span> <span class='ocrx_word' id='word_1_134' title='bbox 2676 1478 2746 1548; x_wconf 81' lang='lat' dir='ltr'><strong>id</strong></span> <span class='ocrx_word' id='word_1_135' title='bbox 2772 1477 2886 1562; x_wconf 88' lang='lat' dir='ltr'><strong>est,</strong></span> <span class='ocrx_word' id='word_1_136' title='bbox 2919 1479 3093 1551; x_wconf 83' lang='lat' dir='ltr'><strong>aliud</strong></span> <span class='ocrx_word' id='word_1_137' title='bbox 3119 1505 3352 1575; x_wconf 86' lang='lat' dir='ltr'><strong>corpus</strong></span> <span class='ocrx_word' id='word_1_138' title='bbox 3376 1484 3468 1558; x_wconf 74' lang='lat' dir='ltr'><strong>‚ad</strong></span> <span class='ocrx_word' id='word_1_139' title='bbox 3497 1512 3651 1556; x_wconf 88' lang='lat' dir='ltr'><strong>eum</strong></span> <span class='ocrx_word' id='word_1_140' title='bbox 3696 1515 3840 1580; x_wconf 87' lang='lat' dir='ltr'><strong>per.</strong></span> 
     </span>
     <span class='ocr_line' id='line_1_14' title="bbox 920 1576 3837 1679; baseline -0.002 -24"><span class='ocrx_word' id='word_1_141' title='bbox 920 1588 1149 1656; x_wconf 76' lang='lat' dir='ltr'><strong>tineus.</strong></span> <span class='ocrx_word' id='word_1_142' title='bbox 1223 1587 1454 1679; x_wconf 87' lang='lat' dir='ltr'><strong>Itaque</strong></span> <span class='ocrx_word' id='word_1_143' title='bbox 1481 1587 1589 1658; x_wconf 86' lang='lat' dir='ltr'><strong>vel</strong></span> <span class='ocrx_word' id='word_1_144' title='bbox 1637 1588 1772 1664; x_wconf 70' lang='lat' dir='ltr'><strong>hoc.</strong></span> <span class='ocrx_word' id='word_1_145' title='bbox 1787 1585 2087 1678; x_wconf 79' lang='lat' dir='ltr'><strong>exemplo</strong></span> <span class='ocrx_word' id='word_1_146' title='bbox 2130 1578 2360 1672; x_wconf 78' lang='lat' dir='ltr'><strong>disce,</strong></span> <span class='ocrx_word' id='word_1_147' title='bbox 2387 1599 2632 1670; x_wconf 81' lang='lat' dir='ltr'><strong>purum</strong></span> <span class='ocrx_word' id='word_1_148' title='bbox 2662 1595 3054 1667; x_wconf 81' lang='lat' dir='ltr'><strong>conceptum</strong></span> <span class='ocrx_word' id='word_1_149' title='bbox 3103 1583 3140 1646; x_wconf 74' lang='lat' dir='ltr'><strong>a</strong></span> <span class='ocrx_word' id='word_1_150' title='bbox 3167 1576 3499 1654; x_wconf 83' lang='lat' dir='ltr'><strong>fallacibus</strong></span> <span class='ocrx_word' id='word_1_151' title='bbox 3534 1586 3837 1676; x_wconf 77' lang='lat' dir='ltr'><strong>phantas-</strong></span> 
     </span>
    </p>
   </div>
   <div class='ocr_carea' id='block_1_3' title="bbox 775 1683 3915 4613">
    <p class='ocr_par' dir='ltr' id='par_1_4' title="bbox 917 1683 2041 1777">
     <span class='ocr_line' id='line_1_15' title="bbox 917 1683 2041 1777; baseline 0.002 -25"><span class='ocrx_word' id='word_1_152' title='bbox 917 1683 1108 1753; x_wconf 85' lang='lat' dir='ltr'><strong>matis</strong></span> <span class='ocrx_word' id='word_1_153' title='bbox 1134 1685 1406 1774; x_wconf 79' lang='lat' dir='ltr'><strong>&amp;idolis</strong></span> <span class='ocrx_word' id='word_1_154' title='bbox 1434 1684 1835 1777; x_wconf 86' lang='lat' dir='ltr'><strong>distinguere.</strong></span> <span class='ocrx_word' id='word_1_155' title='bbox 2023 1730 2041 1742; x_wconf 72' lang='lat'><strong>.</strong></span> 
     </span>
    </p>

    <p class='ocr_par' dir='ltr' id='par_1_5' title="bbox 909 1768 3837 2358">
     <span class='ocr_line' id='line_1_16' title="bbox 1108 1768 3825 1874; baseline 0.001 -25"><span class='ocrx_word' id='word_1_156' title='bbox 1108 1781 1232 1851; x_wconf 83' lang='lat' dir='ltr'><strong>Pol.</strong></span> <span class='ocrx_word' id='word_1_157' title='bbox 1288 1782 1468 1852; x_wconf 87' lang='lat' dir='ltr'><strong>Serio</strong></span> <span class='ocrx_word' id='word_1_158' title='bbox 1515 1805 1774 1852; x_wconf 88' lang='lat' dir='ltr'><strong>mecum</strong></span> <span class='ocrx_word' id='word_1_159' title='bbox 1830 1778 2187 1874; x_wconf 87' lang='lat' dir='ltr'><strong>perpendi,</strong></span> <span class='ocrx_word' id='word_1_160' title='bbox 2225 1781 2385 1869; x_wconf 83' lang='lat' dir='ltr'><strong>quae&#39;</strong></span> <span class='ocrx_word' id='word_1_161' title='bbox 2399 1774 2481 1845; x_wconf 91' lang='lat' dir='ltr'><strong>de</strong></span> <span class='ocrx_word' id='word_1_162' title='bbox 2531 1768 2778 1859; x_wconf 79' lang='lat' dir='ltr'><strong>finibus</strong></span> <span class='ocrx_word' id='word_1_163' title='bbox 2812 1797 3030 1844; x_wconf 85' lang='lat' dir='ltr'><strong>rerum</strong></span> <span class='ocrx_word' id='word_1_164' title='bbox 3054 1822 3078 1858; x_wconf 88' lang='lat'><strong><em>,</em></strong></span> <span class='ocrx_word' id='word_1_165' title='bbox 3120 1773 3538 1863; x_wconf 76' lang='lat' dir='ltr'><strong>philalethes,</strong></span> <span class='ocrx_word' id='word_1_166' title='bbox 3566 1778 3825 1852; x_wconf 81' lang='lat' dir='ltr'><strong>dixisti:</strong></span> 
     </span>
     <span class='ocr_line' id='line_1_17' title="bbox 917 1870 3837 1971; baseline -0.001 -24"><span class='ocrx_word' id='word_1_167' title='bbox 917 1900 1069 1968; x_wconf 85' lang='lat' dir='ltr'><strong>quae</strong></span> <span class='ocrx_word' id='word_1_168' title='bbox 1100 1879 1258 1948; x_wconf 89' lang='lat' dir='ltr'><strong>mihi</strong></span> <span class='ocrx_word' id='word_1_169' title='bbox 1288 1923 1309 1962; x_wconf 86' lang='lat'><strong>,</strong></span> <span class='ocrx_word' id='word_1_170' title='bbox 1339 1876 1595 1950; x_wconf 82' lang='lat' dir='ltr'><strong>fatebor</strong></span> <span class='ocrx_word' id='word_1_171' title='bbox 1622 1881 1820 1963; x_wconf 88' lang='lat' dir='ltr'><strong>enim,</strong></span> <span class='ocrx_word' id='word_1_172' title='bbox 1860 1880 2074 1971; x_wconf 89' lang='lat' dir='ltr'><strong>primo</strong></span> <span class='ocrx_word' id='word_1_173' title='bbox 2103 1876 2347 1948; x_wconf 88' lang='lat' dir='ltr'><strong>intuitu</strong></span> <span class='ocrx_word' id='word_1_174' title='bbox 2375 1870 2690 1956; x_wconf 68' lang='lat' dir='ltr'><strong>obscura,</strong></span> <span class='ocrx_word' id='word_1_175' title='bbox 2720 1871 2911 1963; x_wconf 85' lang='lat' dir='ltr'><strong>plana</strong></span> <span class='ocrx_word' id='word_1_176' title='bbox 2935 1874 3197 1950; x_wconf 85' lang='lat' dir='ltr'><strong>nunc&amp;</strong></span> <span class='ocrx_word' id='word_1_177' title='bbox 3227 1873 3550 1970; x_wconf 77' lang='lat' dir='ltr'><strong>evidentia</strong></span> <span class='ocrx_word' id='word_1_178' title='bbox 3591 1878 3837 1949; x_wconf 90' lang='lat' dir='ltr'><strong>viden-.</strong></span> 
     </span>
     <span class='ocr_line' id='line_1_18' title="bbox 914 1964 3824 2064; baseline 0.002 -22"><span class='ocrx_word' id='word_1_179' title='bbox 914 1990 1042 2043; x_wconf 88' lang='lat' dir='ltr'><strong>tur.</strong></span> <span class='ocrx_word' id='word_1_180' title='bbox 1111 1974 1189 2045; x_wconf 89' lang='lat' dir='ltr'><strong>Id</strong></span> <span class='ocrx_word' id='word_1_181' title='bbox 1211 1972 1334 2045; x_wconf 90' lang='lat' dir='ltr'><strong>tibi</strong></span> <span class='ocrx_word' id='word_1_182' title='bbox 1353 1973 1689 2064; x_wconf 13' lang='lat' dir='ltr'><strong>‚waffentiora</strong></span> <span class='ocrx_word' id='word_1_183' title='bbox 1728 1974 1889 2047; x_wconf 87' lang='lat' dir='ltr'><strong>fines</strong></span> <span class='ocrx_word' id='word_1_184' title='bbox 1927 1978 2042 2061; x_wconf 85' lang='lat' dir='ltr'><strong>rei,</strong></span> <span class='ocrx_word' id='word_1_185' title='bbox 2087 1969 2138 2042; x_wconf 87' lang='lat' dir='ltr'>fi</span> <span class='ocrx_word' id='word_1_186' title='bbox 2172 1968 2470 2044; x_wconf 66' lang='lat' dir='ltr'><strong>accurate</strong></span> <span class='ocrx_word' id='word_1_187' title='bbox 2518 1969 2865 2061; x_wconf 83' lang='lat' dir='ltr'><strong>loquamur</strong></span> <span class='ocrx_word' id='word_1_188' title='bbox 2888 2019 2910 2052; x_wconf 89' lang='lat'><em>‚</em></span> <span class='ocrx_word' id='word_1_189' title='bbox 2945 1964 3063 2037; x_wconf 85' lang='lat' dir='ltr'><strong>sub</strong></span> <span class='ocrx_word' id='word_1_190' title='bbox 3112 1972 3643 2062; x_wconf 82' lang='lat' dir='ltr'><strong>imaginationem</strong></span> <span class='ocrx_word' id='word_1_191' title='bbox 3687 2001 3824 2047; x_wconf 88' lang='lat' dir='ltr'><strong>non</strong></span> 
     </span>
     <span class='ocr_line' id='line_1_19' title="bbox 914 2065 3823 2158; baseline 0.002 -18"><span class='ocrx_word' id='word_1_192' title='bbox 914 2070 1158 2142; x_wconf 87' lang='lat' dir='ltr'><strong>cadere.</strong></span> <span class='ocrx_word' id='word_1_193' title='bbox 1235 2072 1348 2142; x_wconf 84' lang='lat' dir='ltr'><strong>Do</strong></span> <span class='ocrx_word' id='word_1_194' title='bbox 1384 2075 1580 2144; x_wconf 87' lang='lat' dir='ltr'><strong>etiam</strong></span> <span class='ocrx_word' id='word_1_195' title='bbox 1630 2072 1834 2151; x_wconf 79' lang='lat' dir='ltr'><strong>illud3</strong></span> <span class='ocrx_word' id='word_1_196' title='bbox 1885 2065 2269 2143; x_wconf 75' lang='lat' dir='ltr'><strong>Cartefiiun.</strong></span> <span class='ocrx_word' id='word_1_197' title='bbox 2299 2068 2455 2140; x_wconf 76' lang='lat' dir='ltr'><strong>nihil</strong></span> <span class='ocrx_word' id='word_1_198' title='bbox 2487 2066 2661 2138; x_wconf 74' lang='lat' dir='ltr'><strong>aliud</strong></span> <span class='ocrx_word' id='word_1_199' title='bbox 2691 2066 2973 2158; x_wconf 77' lang='lat' dir='ltr'><strong>probare</strong></span> <span class='ocrx_word' id='word_1_200' title='bbox 3024 2117 3047 2150; x_wconf 87' lang='lat'><strong>,</strong></span> <span class='ocrx_word' id='word_1_201' title='bbox 3100 2089 3301 2156; x_wconf 78' lang='lat' dir='ltr'><strong>quam·</strong></span> <span class='ocrx_word' id='word_1_202' title='bbox 3352 2094 3471 2139; x_wconf 89' lang='lat' dir='ltr'><strong>nos</strong></span> <span class='ocrx_word' id='word_1_203' title='bbox 3513 2075 3823 2146; x_wconf 87' lang='lat' dir='ltr'><strong>terminos</strong></span> 
     </span>
     <span class='ocr_line' id='line_1_20' title="bbox 911 2164 3820 2263; baseline 0.002 -27"><span class='ocrx_word' id='word_1_204' title='bbox 911 2168 1143 2237; x_wconf 85' lang='lat' dir='ltr'><strong>mundi</strong></span> <span class='ocrx_word' id='word_1_205' title='bbox 1171 2193 1492 2262; x_wconf 85' lang='lat' dir='ltr'><strong>nusquam</strong></span> <span class='ocrx_word' id='word_1_206' title='bbox 1542 2170 1877 2263; x_wconf 82' lang='lat' dir='ltr'><strong>imaginari</strong></span> <span class='ocrx_word' id='word_1_207' title='bbox 1898 2166 2089 2262; x_wconf 82' lang='lat' dir='ltr'><strong>pofl&#39;e.</strong></span> <span class='ocrx_word' id='word_1_208' title='bbox 2196 2166 2319 2239; x_wconf 88' lang='lat' dir='ltr'><strong>Sed</strong></span> <span class='ocrx_word' id='word_1_209' title='bbox 2343 2187 2657 2256; x_wconf 77' lang='lat' dir='ltr'><strong>quaenam</strong></span> <span class='ocrx_word' id='word_1_210' title='bbox 2678 2213 2704 2249; x_wconf 88' lang='lat'>,</span> <span class='ocrx_word' id='word_1_211' title='bbox 2754 2164 3028 2255; x_wconf 82' lang='lat' dir='ltr'><strong>explana</strong></span> <span class='ocrx_word' id='word_1_212' title='bbox 3051 2166 3244 2249; x_wconf 83' lang='lat' dir='ltr'><strong>mihi,</strong></span> <span class='ocrx_word' id='word_1_213' title='bbox 3280 2165 3623 2263; x_wconf 72' lang='lat' dir='ltr'><strong>certissima</strong></span> <span class='ocrx_word' id='word_1_214' title='bbox 3656 2170 3820 2243; x_wconf 73' lang='lat' dir='ltr'><strong>fines</strong></span> 
     </span>
     <span class='ocr_line' id='line_1_21' title="bbox 909 2263 2499 2358; baseline 0.001 -23"><span class='ocrx_word' id='word_1_215' title='bbox 909 2264 1139 2336; x_wconf 86' lang='lat' dir='ltr'><strong>mundi</strong></span> <span class='ocrx_word' id='word_1_216' title='bbox 1170 2263 1564 2358; x_wconf 68' lang='lat' dir='ltr'><strong>concipiendi</strong></span> <span class='ocrx_word' id='word_1_217' title='bbox 1614 2268 1732 2338; x_wconf 75' lang='lat' dir='ltr'><strong>via·</strong></span> <span class='ocrx_word' id='word_1_218' title='bbox 1757 2264 1901 2337; x_wconf 76' lang='lat' dir='ltr'><strong>est?</strong></span> <span class='ocrx_word' id='word_1_219' title='bbox 1971 2321 1978 2326; x_wconf 87' lang='lat'><strong>.</strong></span> <span class='ocrx_word' id='word_1_220' title='bbox 2390 2343 2401 2352; x_wconf 29' lang='lat'>⁶</span> <span class='ocrx_word' id='word_1_221' title='bbox 2494 2297 2499 2302; x_wconf 94' lang='lat'>·</span> 
     </span>
    </p>

    <p class='ocr_par' dir='ltr' id='par_1_6' title="bbox 1101 2357 3833 2459">
     <span class='ocr_line' id='line_1_22' title="bbox 1101 2357 3833 2459; baseline 0.003 -26"><span class='ocrx_word' id='word_1_222' title='bbox 1101 2363 1254 2435; x_wconf 85' lang='lat' dir='ltr'><strong>Phil.</strong></span> <span class='ocrx_word' id='word_1_223' title='bbox 1308 2363 1388 2435; x_wconf 91' lang='lat' dir='ltr'><strong>In</strong></span> <span class='ocrx_word' id='word_1_224' title='bbox 1417 2388 1495 2453; x_wconf 88' lang='lat' dir='ltr'><strong>eo</strong></span> <span class='ocrx_word' id='word_1_225' title='bbox 1530 2362 1746 2456; x_wconf 84' lang='lat' dir='ltr'><strong>sumus</strong></span> <span class='ocrx_word' id='word_1_226' title='bbox 1779 2389 1901 2459; x_wconf 89' lang='lat' dir='ltr'><strong>ego</strong></span> <span class='ocrx_word' id='word_1_227' title='bbox 1938 2366 2001 2436; x_wconf 86' lang='lat'>&amp;</span> <span class='ocrx_word' id='word_1_228' title='bbox 2034 2361 2247 2436; x_wconf 87' lang='lat' dir='ltr'><strong>noster</strong></span> <span class='ocrx_word' id='word_1_229' title='bbox 2274 2357 2605 2434; x_wconf 70' lang='lat' dir='ltr'><strong>Daedalus.</strong></span> <span class='ocrx_word' id='word_1_230' title='bbox 2707 2357 2820 2433; x_wconf 88' lang='lat' dir='ltr'><strong>Me</strong></span> <span class='ocrx_word' id='word_1_231' title='bbox 2862 2360 3124 2453; x_wconf 84' lang='lat' dir='ltr'><strong>quidem</strong></span> <span class='ocrx_word' id='word_1_232' title='bbox 3155 2359 3302 2432; x_wconf 77' lang='lat' dir='ltr'><strong>haec</strong></span> <span class='ocrx_word' id='word_1_233' title='bbox 3344 2364 3538 2436; x_wconf 69' lang='lat' dir='ltr'><strong>toties</strong></span> <span class='ocrx_word' id='word_1_234' title='bbox 3586 2365 3833 2440; x_wconf 84' lang='lat' dir='ltr'><strong>iterare-</strong></span> 
     </span>
    </p>

    <p class='ocr_par' dir='ltr' id='par_1_7' title="bbox 873 2461 3809 2946">
     <span class='ocr_line' id='line_1_23' title="bbox 957 2461 3067 2532; baseline 0.001 -2"><span class='ocrx_word' id='word_1_235' title='bbox 957 2462 976 2530; x_wconf 90' lang='lat' dir='ltr'><strong>i</strong></span> <span class='ocrx_word' id='word_1_236' title='bbox 1023 2476 1108 2532; x_wconf 92' lang='lat' dir='ltr'><strong>et.</strong></span> <span class='ocrx_word' id='word_1_237' title='bbox 1441 2501 1450 2508; x_wconf 93' lang='lat'><strong>·</strong></span> <span class='ocrx_word' id='word_1_238' title='bbox 1975 2461 1984 2470; x_wconf 74' lang='grc'>’</span> <span class='ocrx_word' id='word_1_239' title='bbox 2314 2462 2324 2474; x_wconf 83' lang='grc'><strong>’</strong></span> <span class='ocrx_word' id='word_1_240' title='bbox 2452 2461 2461 2468; x_wconf 76' lang='grc'>’</span> <span class='ocrx_word' id='word_1_241' title='bbox 2748 2493 2753 2502; x_wconf 88' lang='grc'><em>·</em></span> <span class='ocrx_word' id='word_1_242' title='bbox 2794 2525 2801 2531; x_wconf 87' lang='grc'><strong>.</strong></span> <span class='ocrx_word' id='word_1_243' title='bbox 2864 2469 2894 2480; x_wconf 68' lang='grc'><strong>’“</strong></span> <span class='ocrx_word' id='word_1_244' title='bbox 3044 2484 3067 2498; x_wconf 76' lang='lat'><em>&#39;</em></span> 
     </span>
     <span class='ocr_line' id='line_1_24' title="bbox 910 2484 3809 2652; baseline 0 -20"><span class='ocrx_word' id='word_1_245' title='bbox 910 2484 1021 2617; x_wconf 63' lang='lat' dir='ltr'><strong>ptg·</strong></span> <span class='ocrx_word' id='word_1_246' title='bbox 1089 2558 1279 2632; x_wconf 60' lang='lat' dir='ltr'><strong>Ded.</strong></span> <span class='ocrx_word' id='word_1_247' title='bbox 1322 2559 1566 2636; x_wconf 81' lang='lat' dir='ltr'><strong>Videor</strong></span> <span class='ocrx_word' id='word_1_248' title='bbox 1590 2560 1775 2645; x_wconf 83' lang='lat' dir='ltr'><strong>mihi,</strong></span> <span class='ocrx_word' id='word_1_249' title='bbox 1805 2558 2215 2644; x_wconf 57' lang='lat' dir='ltr'><strong>Philalethu,</strong></span> <span class='ocrx_word' id='word_1_250' title='bbox 2242 2557 2391 2629; x_wconf 75' lang='lat' dir='ltr'><strong>satis</strong></span> <span class='ocrx_word' id='word_1_251' title='bbox 2412 2549 2749 2650; x_wconf 73' lang='lat' dir='ltr'><strong>percepisse</strong></span> <span class='ocrx_word' id='word_1_252' title='bbox 2772 2550 3163 2630; x_wconf 85' lang='lat' dir='ltr'><strong>sententiam</strong></span> <span class='ocrx_word' id='word_1_253' title='bbox 3184 2557 3369 2629; x_wconf 79' lang='lat' dir='ltr'><strong>tuam</strong></span> <span class='ocrx_word' id='word_1_254' title='bbox 3397 2607 3423 2646; x_wconf 87' lang='lat'>‚</span> <span class='ocrx_word' id='word_1_255' title='bbox 3470 2584 3667 2652; x_wconf 84' lang='lat' dir='ltr'><strong>quam</strong></span> <span class='ocrx_word' id='word_1_256' title='bbox 3692 2562 3809 2636; x_wconf 79' lang='lat' dir='ltr'><strong>nifi</strong></span> 
     </span>
     <span class='ocr_line' id='line_1_25' title="bbox 907 2652 3802 2752; baseline 0.004 -30"><span class='ocrx_word' id='word_1_257' title='bbox 907 2653 1251 2729; x_wconf 85' lang='lat' dir='ltr'><strong>molestum</strong></span> <span class='ocrx_word' id='word_1_258' title='bbox 1273 2657 1362 2736; x_wconf 86' lang='lat' dir='ltr'><strong>est</strong></span> <span class='ocrx_word' id='word_1_259' title='bbox 1396 2679 1513 2731; x_wconf 89' lang='lat' dir='ltr'><strong>tua</strong></span> <span class='ocrx_word' id='word_1_260' title='bbox 1538 2659 1784 2752; x_wconf 83' lang='lat' dir='ltr'><strong>audire,</strong></span> <span class='ocrx_word' id='word_1_261' title='bbox 1812 2657 2182 2750; x_wconf 84' lang='lat' dir='ltr'><strong>Polymathi</strong></span> <span class='ocrx_word' id='word_1_262' title='bbox 2214 2679 2562 2750; x_wconf 73' lang='lat' dir='ltr'><strong>exponam.</strong></span> <span class='ocrx_word' id='word_1_263' title='bbox 2649 2652 2851 2728; x_wconf 89' lang='lat' dir='ltr'><strong>Nunc</strong></span> <span class='ocrx_word' id='word_1_264' title='bbox 2871 2655 3066 2747; x_wconf 86' lang='lat' dir='ltr'><strong>igitur</strong></span> <span class='ocrx_word' id='word_1_265' title='bbox 3089 2657 3218 2726; x_wconf 84' lang='lat' dir='ltr'><strong>hoc</strong></span> <span class='ocrx_word' id='word_1_266' title='bbox 3242 2679 3378 2747; x_wconf 88' lang='lat' dir='ltr'><strong>age.</strong></span> <span class='ocrx_word' id='word_1_267' title='bbox 3457 2658 3802 2733; x_wconf 69' lang='lat' dir='ltr'><strong>Considera</strong></span> 
     </span>
     <span class='ocr_line' id='line_1_26' title="bbox 904 2747 3798 2848; baseline 0.005 -28"><span class='ocrx_word' id='word_1_268' title='bbox 904 2747 1207 2841; x_wconf 76' lang='lat' dir='ltr'><strong>lineolam</strong></span> <span class='ocrx_word' id='word_1_269' title='bbox 1252 2758 1416 2828; x_wconf 82' lang='lat' dir='ltr'><strong>hanc</strong></span> <span class='ocrx_word' id='word_1_270' title='bbox 1465 2758 1532 2827; x_wconf 90' lang='lat' dir='ltr'><strong>in</strong></span> <span class='ocrx_word' id='word_1_271' title='bbox 1573 2757 1793 2828; x_wconf 87' lang='lat' dir='ltr'><strong>charta</strong></span> <span class='ocrx_word' id='word_1_272' title='bbox 1835 2757 1955 2826; x_wconf 88' lang='lat' dir='ltr'><strong>hac</strong></span> <span class='ocrx_word' id='word_1_273' title='bbox 1986 2756 2329 2848; x_wconf 64' lang='lat' dir='ltr'><strong>depictam.</strong></span> <span class='ocrx_word' id='word_1_274' title='bbox 2411 2750 2700 2824; x_wconf 63' lang='lat' dir='ltr'><strong>Poffaene</strong></span> <span class='ocrx_word' id='word_1_275' title='bbox 2741 2753 3076 2847; x_wconf 87' lang='lat' dir='ltr'><strong>concipere</strong></span> <span class='ocrx_word' id='word_1_276' title='bbox 3119 2753 3359 2828; x_wconf 86' lang='lat' dir='ltr'><strong>lineam</strong></span> <span class='ocrx_word' id='word_1_277' title='bbox 3398 2756 3798 2832; x_wconf 81' lang='lat' dir='ltr'><strong>constantem</strong></span> 
     </span>
     <span class='ocr_line' id='line_1_27' title="bbox 873 2844 2691 2946; baseline 0.001 -24"><span class='ocrx_word' id='word_1_278' title='bbox 873 2848 1071 2922; x_wconf 69' lang='lat' dir='ltr'><strong>:mille</strong></span> <span class='ocrx_word' id='word_1_279' title='bbox 1113 2852 1358 2923; x_wconf 88' lang='lat' dir='ltr'><strong>lineolis</strong></span> <span class='ocrx_word' id='word_1_280' title='bbox 1381 2855 1571 2943; x_wconf 81' lang='lat' dir='ltr'><strong>hujus</strong></span> <span class='ocrx_word' id='word_1_281' title='bbox 1604 2844 2161 2946; x_wconf 59' lang='lat' dir='ltr'><strong>magniiudinis?</strong></span> <span class='ocrx_word' id='word_1_282' title='bbox 2226 2880 2233 2886; x_wconf 93' lang='lat'><strong>·</strong></span> <span class='ocrx_word' id='word_1_283' title='bbox 2435 2882 2441 2887; x_wconf 92' lang='lat'><strong>·</strong></span> <span class='ocrx_word' id='word_1_284' title='bbox 2536 2859 2543 2863; x_wconf 72' lang='grc'><em>“</em></span> <span class='ocrx_word' id='word_1_285' title='bbox 2630 2930 2637 2935; x_wconf 66' lang='grc'><em>,</em></span> <span class='ocrx_word' id='word_1_286' title='bbox 2686 2860 2691 2865; x_wconf 79' lang='grc'><strong>’</strong></span> 
     </span>
    </p>

    <p class='ocr_par' dir='ltr' id='par_1_8' title="bbox 1085 2944 3125 3041">
     <span class='ocr_line' id='line_1_28' title="bbox 1085 2944 3125 3041; baseline 0.004 -24"><span class='ocrx_word' id='word_1_287' title='bbox 1085 2949 1208 3017; x_wconf 83' lang='grc' dir='ltr'><em>ΡοΙ.</em></span> <span class='ocrx_word' id='word_1_288' title='bbox 1254 2947 1531 3040; x_wconf 79' lang='lat' dir='ltr'><strong>Egone?</strong></span> <span class='ocrx_word' id='word_1_289' title='bbox 1583 2951 1940 3041; x_wconf 85' lang='lat' dir='ltr'><strong>Concipere</strong></span> <span class='ocrx_word' id='word_1_290' title='bbox 1965 2946 2242 3041; x_wconf 72' lang='lat' dir='ltr'><strong>polium,</strong></span> <span class='ocrx_word' id='word_1_291' title='bbox 2286 2948 2624 3041; x_wconf 82' lang='lat' dir='ltr'><strong>imaginari</strong></span> <span class='ocrx_word' id='word_1_292' title='bbox 2645 2973 2778 3021; x_wconf 90' lang='lat' dir='ltr'><strong>non</strong></span> <span class='ocrx_word' id='word_1_293' title='bbox 2800 2944 3074 3040; x_wconf 83' lang='lat' dir='ltr'><strong>poffum.</strong></span> <span class='ocrx_word' id='word_1_294' title='bbox 3117 2961 3125 2970; x_wconf 91' lang='lat'>&#39;</span> 
     </span>
    </p>

    <p class='ocr_par' dir='ltr' id='par_1_9' title="bbox 1037 3042 2521 3123">
     <span class='ocr_line' id='line_1_29' title="bbox 1037 3042 2521 3123; baseline 0.002 -10"><span class='ocrx_word' id='word_1_295' title='bbox 1037 3106 1042 3113; x_wconf 87' lang='lat'><strong>.</strong></span> <span class='ocrx_word' id='word_1_296' title='bbox 1083 3042 1236 3121; x_wconf 75' lang='lat' dir='ltr'><strong>Phil.</strong></span> <span class='ocrx_word' id='word_1_297' title='bbox 1284 3044 1599 3123; x_wconf 66' lang='lat' dir='ltr'><strong>Distincke</strong></span> <span class='ocrx_word' id='word_1_298' title='bbox 1623 3093 1642 3123; x_wconf 90' lang='lat'>‚</span> <span class='ocrx_word' id='word_1_299' title='bbox 1672 3045 1890 3121; x_wconf 84' lang='lat' dir='ltr'><strong>laudo.</strong></span> <span class='ocrx_word' id='word_1_300' title='bbox 2007 3072 2010 3073; x_wconf 44' lang='lat'><em>⁷</em></span> <span class='ocrx_word' id='word_1_301' title='bbox 2515 3050 2521 3058; x_wconf 82' lang='lat'>&#39;</span> 
     </span>
    </p>

    <p class='ocr_par' dir='ltr' id='par_1_10' title="bbox 775 3135 3819 3732">
     <span class='ocr_line' id='line_1_30' title="bbox 979 3135 3789 3243; baseline 0.005 -34"><span class='ocrx_word' id='word_1_302' title='bbox 979 3219 990 3230; x_wconf 46' lang='lat'>‚</span> <span class='ocrx_word' id='word_1_303' title='bbox 1066 3141 1263 3227; x_wconf 67' lang='lat' dir='ltr'><strong>Daci.</strong></span> <span class='ocrx_word' id='word_1_304' title='bbox 1318 3141 1623 3235; x_wconf 80' lang='lat' dir='ltr'><strong>Concipis</strong></span> <span class='ocrx_word' id='word_1_305' title='bbox 1642 3192 1665 3227; x_wconf 87' lang='lat'>‚</span> <span class='ocrx_word' id='word_1_306' title='bbox 1702 3143 1859 3243; x_wconf 78' lang='lat' dir='ltr'><strong>quid</strong></span> <span class='ocrx_word' id='word_1_307' title='bbox 1885 3137 1966 3213; x_wconf 85' lang='lat' dir='ltr'><strong>fit</strong></span> <span class='ocrx_word' id='word_1_308' title='bbox 1992 3135 2307 3228; x_wconf 85' lang='lat' dir='ltr'><strong>extenfio,</strong></span> <span class='ocrx_word' id='word_1_309' title='bbox 2344 3141 2501 3236; x_wconf 86' lang='lat' dir='ltr'><strong>quid</strong></span> <span class='ocrx_word' id='word_1_310' title='bbox 2543 3142 2850 3237; x_wconf 67' lang='lat' dir='ltr'><strong>negatio,</strong></span> <span class='ocrx_word' id='word_1_311' title='bbox 2885 3147 3043 3239; x_wconf 85' lang='lat' dir='ltr'><strong>quid</strong></span> <span class='ocrx_word' id='word_1_312' title='bbox 3063 3149 3325 3241; x_wconf 84' lang='lat' dir='ltr'><strong>negatio</strong></span> <span class='ocrx_word' id='word_1_313' title='bbox 3364 3167 3560 3222; x_wconf 78' lang='lat' dir='ltr'><strong>exten</strong></span> <span class='ocrx_word' id='word_1_314' title='bbox 3571 3144 3789 3222; x_wconf 82' lang='lat' dir='ltr'><strong>fionis&#39;</strong></span> 
     </span>
     <span class='ocr_line' id='line_1_31' title="bbox 885 3234 1750 3332; baseline -0.001 -19"><span class='ocrx_word' id='word_1_315' title='bbox 885 3234 1025 3313; x_wconf 66' lang='lat' dir='ltr'><strong>five</strong></span> <span class='ocrx_word' id='word_1_316' title='bbox 1059 3238 1538 3332; x_wconf 71' lang='lat' dir='ltr'><strong>longitudinis?</strong></span> <span class='ocrx_word' id='word_1_317' title='bbox 1745 3290 1750 3295; x_wconf 84' lang='lat'>-</span> 
     </span>
     <span class='ocr_line' id='line_1_32' title="bbox 1079 3337 3819 3429; baseline 0.006 -21"><span class='ocrx_word' id='word_1_318' title='bbox 1079 3338 1202 3425; x_wconf 66' lang='grc' dir='ltr'><strong>ΡοΙ.</strong></span> <span class='ocrx_word' id='word_1_319' title='bbox 1260 3338 1450 3429; x_wconf 82' lang='lat' dir='ltr'><strong>Clare</strong></span> <span class='ocrx_word' id='word_1_320' title='bbox 1478 3339 1543 3409; x_wconf 70' lang='grc' dir='ltr'><strong>ἆ</strong></span> <span class='ocrx_word' id='word_1_321' title='bbox 1570 3337 1861 3412; x_wconf 64' lang='lat' dir='ltr'><strong>distinete</strong></span> <span class='ocrx_word' id='word_1_322' title='bbox 1890 3337 2129 3411; x_wconf 79' lang='lat' dir='ltr'><strong>omnia.</strong></span> <span class='ocrx_word' id='word_1_323' title='bbox 3764 3406 3773 3412; x_wconf 78' lang='lat'><strong>·</strong></span> <span class='ocrx_word' id='word_1_324' title='bbox 3810 3412 3819 3425; x_wconf 82' lang='grc'>.</span> 
     </span>
     <span class='ocr_line' id='line_1_33' title="bbox 911 3430 3793 3537; baseline 0.005 -31"><span class='ocrx_word' id='word_1_325' title='bbox 911 3434 948 3525; x_wconf 68' lang='lat' dir='ltr'><em>j</em></span> <span class='ocrx_word' id='word_1_326' title='bbox 1077 3435 1253 3506; x_wconf 73' lang='lat' dir='ltr'><strong>Daed.</strong></span> <span class='ocrx_word' id='word_1_327' title='bbox 1311 3437 1465 3529; x_wconf 78' lang='lat' dir='ltr'><strong>Jam</strong></span> <span class='ocrx_word' id='word_1_328' title='bbox 1494 3442 1768 3533; x_wconf 81' lang='lat' dir='ltr'><strong>concipe·</strong></span> <span class='ocrx_word' id='word_1_329' title='bbox 1794 3430 2031 3509; x_wconf 77' lang='lat' dir='ltr'><strong>lineam</strong></span> <span class='ocrx_word' id='word_1_330' title='bbox 2058 3434 2659 3508; x_wconf 78' lang='lat' dir='ltr'><strong>constantem‘mille</strong></span> <span class='ocrx_word' id='word_1_331' title='bbox 2703 3436 2947 3508; x_wconf 82' lang='lat' dir='ltr'><strong>lineolis</strong></span> <span class='ocrx_word' id='word_1_332' title='bbox 2971 3438 3343 3530; x_wconf 84' lang='lat' dir='ltr'><strong>hujusmodi</strong></span> <span class='ocrx_word' id='word_1_333' title='bbox 3381 3491 3411 3528; x_wconf 82' lang='lat'>,</span> <span class='ocrx_word' id='word_1_334' title='bbox 3435 3444 3498 3515; x_wconf 86' lang='lat'>&amp;</span> <span class='ocrx_word' id='word_1_335' title='bbox 3549 3464 3793 3537; x_wconf 80' lang='lat' dir='ltr'><strong>praeter</strong></span> 
     </span>
     <span class='ocr_line' id='line_1_34' title="bbox 883 3531 3795 3637; baseline 0.005 -37"><span class='ocrx_word' id='word_1_336' title='bbox 883 3531 1049 3602; x_wconf 83' lang='lat' dir='ltr'><strong>hanc</strong></span> <span class='ocrx_word' id='word_1_337' title='bbox 1076 3533 1492 3625; x_wconf 85' lang='lat' dir='ltr'><strong>negationem</strong></span> <span class='ocrx_word' id='word_1_338' title='bbox 1516 3536 1957 3628; x_wconf 85' lang='lat' dir='ltr'><strong>cujuscunque</strong></span> <span class='ocrx_word' id='word_1_339' title='bbox 1998 3535 2439 3627; x_wconf 85' lang='lat' dir='ltr'><strong>longitudinis.</strong></span> <span class='ocrx_word' id='word_1_340' title='bbox 2510 3534 2855 3624; x_wconf 85' lang='lat' dir='ltr'><strong>Numquid</strong></span> <span class='ocrx_word' id='word_1_341' title='bbox 2906 3532 3165 3606; x_wconf 88' lang='lat' dir='ltr'><strong>finitam</strong></span> <span class='ocrx_word' id='word_1_342' title='bbox 3198 3540 3433 3610; x_wconf 84' lang='lat' dir='ltr'><strong>lineam</strong></span> <span class='ocrx_word' id='word_1_343' title='bbox 3474 3542 3795 3637; x_wconf 79' lang='lat' dir='ltr'><strong>concepis-</strong></span> 
     </span>
     <span class='ocr_line' id='line_1_35' title="bbox 775 3622 3783 3732; baseline 0.003 -37"><span class='ocrx_word' id='word_1_344' title='bbox 775 3686 782 3695; x_wconf 89' lang='lat'><strong>.</strong></span> <span class='ocrx_word' id='word_1_345' title='bbox 882 3627 959 3711; x_wconf 88' lang='lat' dir='ltr'><strong>ti,</strong></span> <span class='ocrx_word' id='word_1_346' title='bbox 989 3648 1226 3719; x_wconf 85' lang='lat' dir='ltr'><strong>praeter</strong></span> <span class='ocrx_word' id='word_1_347' title='bbox 1267 3622 1469 3722; x_wconf 80' lang='lat' dir='ltr'><strong>quain</strong></span> <span class='ocrx_word' id='word_1_348' title='bbox 1492 3634 1669 3702; x_wconf 87' lang='lat' dir='ltr'><strong>nulla</strong></span> <span class='ocrx_word' id='word_1_349' title='bbox 1691 3629 1774 3703; x_wconf 87' lang='lat' dir='ltr'><strong>fit</strong></span> <span class='ocrx_word' id='word_1_350' title='bbox 1800 3632 2142 3724; x_wconf 86' lang='lat' dir='ltr'><strong>longitudo</strong></span> <span class='ocrx_word' id='word_1_351' title='bbox 2168 3628 2203 3699; x_wconf 65' lang='grc' dir='ltr'><strong><em>ἕ</em></strong></span> <span class='ocrx_word' id='word_1_352' title='bbox 2224 3631 2457 3702; x_wconf 80' lang='lat' dir='ltr'><strong>eodem</strong></span> <span class='ocrx_word' id='word_1_353' title='bbox 2486 3629 2688 3698; x_wconf 84' lang='lat' dir='ltr'><strong>modo</strong></span> <span class='ocrx_word' id='word_1_354' title='bbox 2721 3627 2985 3701; x_wconf 83' lang='lat' dir='ltr'><strong>finitum</strong></span> <span class='ocrx_word' id='word_1_355' title='bbox 3017 3656 3249 3726; x_wconf 90' lang='lat' dir='ltr'><strong>corpus</strong></span> <span class='ocrx_word' id='word_1_356' title='bbox 3297 3641 3538 3728; x_wconf 85' lang='lat' dir='ltr'><strong>poteris</strong></span> <span class='ocrx_word' id='word_1_357' title='bbox 3564 3690 3586 3725; x_wconf 89' lang='lat'>‚</span> <span class='ocrx_word' id='word_1_358' title='bbox 3610 3665 3783 3732; x_wconf 72' lang='lat' dir='ltr'><strong>prae-</strong></span> 
     </span>
    </p>

    <p class='ocr_par' dir='ltr' id='par_1_11' title="bbox 807 3723 3907 4012">
     <span class='ocr_line' id='line_1_36' title="bbox 807 3723 3819 3821; baseline 0.003 -29"><span class='ocrx_word' id='word_1_359' title='bbox 807 3724 812 3731; x_wconf 59' lang='lat'><em>⁴</em></span> <span class='ocrx_word' id='word_1_360' title='bbox 878 3739 975 3793; x_wconf 86' lang='lat' dir='ltr'><strong>ter</strong></span> <span class='ocrx_word' id='word_1_361' title='bbox 1001 3726 1179 3816; x_wconf 89' lang='lat' dir='ltr'><strong>quod</strong></span> <span class='ocrx_word' id='word_1_362' title='bbox 1201 3727 1376 3818; x_wconf 86' lang='lat' dir='ltr'><strong>nulla</strong></span> <span class='ocrx_word' id='word_1_363' title='bbox 1409 3723 1492 3797; x_wconf 86' lang='lat' dir='ltr'><strong>fit</strong></span> <span class='ocrx_word' id='word_1_364' title='bbox 1530 3724 1869 3806; x_wconf 81' lang='lat' dir='ltr'><strong>extenfi03</strong></span> <span class='ocrx_word' id='word_1_365' title='bbox 1913 3731 1978 3797; x_wconf 89' lang='lat'>&amp;</span> <span class='ocrx_word' id='word_1_366' title='bbox 2021 3726 2133 3797; x_wconf 75' lang='lat' dir='ltr'><strong>ita&#39;-</strong></span> <span class='ocrx_word' id='word_1_367' title='bbox 2160 3727 2426 3797; x_wconf 86' lang='lat' dir='ltr'><strong>demum</strong></span> <span class='ocrx_word' id='word_1_368' title='bbox 2454 3725 2780 3794; x_wconf 84' lang='lat' dir='ltr'><strong>mundum</strong></span> <span class='ocrx_word' id='word_1_369' title='bbox 2827 3729 3111 3821; x_wconf 89' lang='lat' dir='ltr'><strong>concipe.</strong></span> <span class='ocrx_word' id='word_1_370' title='bbox 3215 3734 3443 3805; x_wconf 84' lang='lat' dir='ltr'><strong>Tuum</strong></span> <span class='ocrx_word' id='word_1_371' title='bbox 3474 3762 3651 3809; x_wconf 80' lang='lat' dir='ltr'><strong>nunc</strong></span> <span class='ocrx_word' id='word_1_372' title='bbox 3692 3739 3819 3813; x_wconf 74' lang='lat' dir='ltr'><strong>est,</strong></span> 
     </span>
     <span class='ocr_line' id='line_1_37' title="bbox 876 3814 3907 3925; baseline 0.004 -31"><span class='ocrx_word' id='word_1_373' title='bbox 876 3837 993 3894; x_wconf 68' lang='lat' dir='ltr'><strong>aut</strong></span> <span class='ocrx_word' id='word_1_374' title='bbox 1022 3822 1302 3912; x_wconf 81' lang='lat' dir='ltr'><strong>aliquam</strong></span> <span class='ocrx_word' id='word_1_375' title='bbox 1326 3826 1393 3893; x_wconf 91' lang='lat' dir='ltr'><strong>in</strong></span> <span class='ocrx_word' id='word_1_376' title='bbox 1420 3814 1840 3915; x_wconf 79' lang='lat' dir='ltr'><strong>conceptibus</strong></span> <span class='ocrx_word' id='word_1_377' title='bbox 1862 3822 1991 3893; x_wconf 87' lang='lat' dir='ltr'><strong>istis</strong></span> <span class='ocrx_word' id='word_1_378' title='bbox 2033 3821 2363 3893; x_wconf 84' lang='lat' dir='ltr'><strong>ostendere</strong></span> <span class='ocrx_word' id='word_1_379' title='bbox 2392 3824 2888 3913; x_wconf 77' lang='lat' dir='ltr'><strong>repugnantiam</strong></span> <span class='ocrx_word' id='word_1_380' title='bbox 2908 3875 2935 3910; x_wconf 87' lang='lat'>,</span> <span class='ocrx_word' id='word_1_381' title='bbox 2963 3848 3101 3914; x_wconf 79' lang='lat' dir='ltr'><strong>aut,</strong></span> <span class='ocrx_word' id='word_1_382' title='bbox 3129 3823 3179 3898; x_wconf 86' lang='lat' dir='ltr'><strong>fi</strong></span> <span class='ocrx_word' id='word_1_383' title='bbox 3202 3830 3389 3921; x_wconf 74' lang='lat' dir='ltr'><strong>nulla</strong></span> <span class='ocrx_word' id='word_1_384' title='bbox 3406 3830 3526 3925; x_wconf 56' lang='lat' dir='ltr'><strong>est)</strong></span> <span class='ocrx_word' id='word_1_385' title='bbox 3550 3832 3785 3924; x_wconf 85' lang='lat' dir='ltr'><strong>fateri,</strong></span> <span class='ocrx_word' id='word_1_386' title='bbox 3806 3824 3821 3837; x_wconf 52' lang='grc'><em>“</em></span> <span class='ocrx_word' id='word_1_387' title='bbox 3902 3830 3907 3833; x_wconf 61' lang='grc'>’</span> 
     </span>
     <span class='ocr_line' id='line_1_38' title="bbox 871 3913 3209 4012; baseline 0.001 -23"><span class='ocrx_word' id='word_1_388' title='bbox 871 3938 997 3989; x_wconf 86' lang='lat' dir='ltr'><strong>nos</strong></span> <span class='ocrx_word' id='word_1_389' title='bbox 1029 3919 1358 3988; x_wconf 86' lang='lat' dir='ltr'><strong>mundum</strong></span> <span class='ocrx_word' id='word_1_390' title='bbox 1382 3916 1647 3990; x_wconf 89' lang='lat' dir='ltr'><strong>finitum</strong></span> <span class='ocrx_word' id='word_1_391' title='bbox 1670 3921 2006 4012; x_wconf 85' lang='lat' dir='ltr'><strong>concipere</strong></span> <span class='ocrx_word' id='word_1_392' title='bbox 2029 3913 2221 4008; x_wconf 73' lang='lat' dir='ltr'><strong>poffe.</strong></span> <span class='ocrx_word' id='word_1_393' title='bbox 2466 4008 2469 4011; x_wconf 21' lang='grc' dir='ltr'>Ι</span> <span class='ocrx_word' id='word_1_394' title='bbox 2860 4000 2864 4007; x_wconf 70' lang='lat'>‚</span> <span class='ocrx_word' id='word_1_395' title='bbox 3114 3932 3121 3939; x_wconf 89' lang='lat'>&#39;</span> <span class='ocrx_word' id='word_1_396' title='bbox 3200 3980 3209 3991; x_wconf 91' lang='lat'><strong>.</strong></span> 
     </span>
    </p>

    <p class='ocr_par' dir='ltr' id='par_1_12' title="bbox 867 4012 3915 4515">
     <span class='ocr_line' id='line_1_39' title="bbox 1060 4012 3791 4121; baseline 0.009 -37"><span class='ocrx_word' id='word_1_397' title='bbox 1060 4015 1184 4086; x_wconf 87' lang='lat' dir='ltr'><strong>Pol.</strong></span> <span class='ocrx_word' id='word_1_398' title='bbox 1248 4012 1576 4084; x_wconf 68' lang='lat' dir='ltr'><strong>Videntur</strong></span> <span class='ocrx_word' id='word_1_399' title='bbox 1596 4018 1905 4107; x_wconf 78' lang='lat' dir='ltr'><strong>equidem</strong></span> <span class='ocrx_word' id='word_1_400' title='bbox 1943 4013 2333 4087; x_wconf 80' lang='lat' dir='ltr'><strong>haecomnia</strong></span> <span class='ocrx_word' id='word_1_401' title='bbox 2369 4016 2710 4088; x_wconf 79' lang='lat' dir='ltr'><strong>cohaerere.</strong></span> <span class='ocrx_word' id='word_1_402' title='bbox 2793 4020 2949 4090; x_wconf 86' lang='lat' dir='ltr'><strong>Atat</strong></span> <span class='ocrx_word' id='word_1_403' title='bbox 2985 4023 3003 4091; x_wconf 77' lang='lat' dir='ltr'><strong>l</strong></span> <span class='ocrx_word' id='word_1_404' title='bbox 3056 4024 3583 4121; x_wconf 84' lang='lat' dir='ltr'><strong>quandocunque</strong></span> <span class='ocrx_word' id='word_1_405' title='bbox 3616 4029 3791 4108; x_wconf 67' lang='lat' dir='ltr'><strong>finoe</strong></span> 
     </span>
     <span class='ocr_line' id='line_1_40' title="bbox 870 4105 3793 4222; baseline 0.006 -40"><span class='ocrx_word' id='word_1_406' title='bbox 870 4105 1102 4182; x_wconf 87' lang='lat' dir='ltr'><strong>mundi</strong></span> <span class='ocrx_word' id='word_1_407' title='bbox 1140 4110 1459 4203; x_wconf 85' lang='lat' dir='ltr'><strong>concipio,</strong></span> <span class='ocrx_word' id='word_1_408' title='bbox 1492 4112 2024 4209; x_wconf 84' lang='lat' dir='ltr'><strong>imaginationem</strong></span> <span class='ocrx_word' id='word_1_409' title='bbox 2052 4111 2387 4182; x_wconf 85' lang='lat' dir='ltr'><strong>continere</strong></span> <span class='ocrx_word' id='word_1_410' title='bbox 2413 4137 2547 4185; x_wconf 91' lang='lat' dir='ltr'><strong>non</strong></span> <span class='ocrx_word' id='word_1_411' title='bbox 2571 4111 2873 4206; x_wconf 63' lang='lat' dir='ltr'><strong>poffum,</strong></span> <span class='ocrx_word' id='word_1_412' title='bbox 2905 4120 3063 4208; x_wconf 91' lang='lat' dir='ltr'><strong>quin</strong></span> <span class='ocrx_word' id='word_1_413' title='bbox 3100 4121 3171 4190; x_wconf 90' lang='lat' dir='ltr'><strong>in</strong></span> <span class='ocrx_word' id='word_1_414' title='bbox 3216 4120 3426 4197; x_wconf 88' lang='lat' dir='ltr'><strong>nescio</strong></span> <span class='ocrx_word' id='word_1_415' title='bbox 3461 4152 3616 4217; x_wconf 83' lang='lat' dir='ltr'><strong>quae</strong></span> <span class='ocrx_word' id='word_1_416' title='bbox 3644 4129 3793 4222; x_wconf 81' lang='lat' dir='ltr'><strong>spa.</strong></span> 
     </span>
     <span class='ocr_line' id='line_1_41' title="bbox 868 4208 3794 4319; baseline 0.006 -40"><span class='ocrx_word' id='word_1_417' title='bbox 868 4208 960 4279; x_wconf 82' lang='lat' dir='ltr'><strong>tia</strong></span> <span class='ocrx_word' id='word_1_418' title='bbox 994 4226 1177 4282; x_wconf 78' lang='lat' dir='ltr'><strong>extra</strong></span> <span class='ocrx_word' id='word_1_419' title='bbox 1205 4214 1316 4280; x_wconf 80' lang='lat' dir='ltr'><strong>e‘os</strong></span> <span class='ocrx_word' id='word_1_420' title='bbox 1342 4227 1696 4301; x_wconf 86' lang='lat' dir='ltr'><strong>evagetur:</strong></span> <span class='ocrx_word' id='word_1_421' title='bbox 1730 4234 1883 4302; x_wconf 81' lang='lat' dir='ltr'><strong>quae</strong></span> <span class='ocrx_word' id='word_1_422' title='bbox 1908 4234 2060 4281; x_wconf 87' lang='lat' dir='ltr'><strong>cum</strong></span> <span class='ocrx_word' id='word_1_423' title='bbox 2084 4209 2441 4280; x_wconf 84' lang='lat' dir='ltr'><strong>accuratius</strong></span> <span class='ocrx_word' id='word_1_424' title='bbox 2465 4209 2800 4283; x_wconf 87' lang='lat' dir='ltr'><strong>confidero</strong></span> <span class='ocrx_word' id='word_1_425' title='bbox 2833 4261 2857 4297; x_wconf 87' lang='lat'>‚</span> <span class='ocrx_word' id='word_1_426' title='bbox 2898 4216 3093 4286; x_wconf 83' lang='lat' dir='ltr'><strong>video</strong></span> <span class='ocrx_word' id='word_1_427' title='bbox 3130 4241 3401 4310; x_wconf 86' lang='lat' dir='ltr'><strong>corpora</strong></span> <span class='ocrx_word' id='word_1_428' title='bbox 3428 4220 3546 4295; x_wconf 71' lang='lat' dir='ltr'><strong>effe</strong></span> <span class='ocrx_word' id='word_1_429' title='bbox 3576 4233 3794 4319; x_wconf 84' lang='lat' dir='ltr'><strong>perti..</strong></span> 
     </span>
     <span class='ocr_line' id='line_1_42' title="bbox 867 4305 3915 4413; baseline 0.006 -39"><span class='ocrx_word' id='word_1_430' title='bbox 867 4305 1090 4378; x_wconf 73' lang='lat' dir='ltr'><strong>nentia</strong></span> <span class='ocrx_word' id='word_1_431' title='bbox 1105 4307 1198 4379; x_wconf 78' lang='lat' dir='ltr'><strong>=ad</strong></span> <span class='ocrx_word' id='word_1_432' title='bbox 1230 4308 1403 4377; x_wconf 90' lang='lat' dir='ltr'><strong>hunc</strong></span> <span class='ocrx_word' id='word_1_433' title='bbox 1451 4308 1774 4380; x_wconf 69' lang='lat' dir='ltr'><strong>mundum</strong></span> <span class='ocrx_word' id='word_1_434' title='bbox 1800 4357 1824 4395; x_wconf 88' lang='lat'>,</span> <span class='ocrx_word' id='word_1_435' title='bbox 1851 4308 2106 4400; x_wconf 73' lang='lat' dir='ltr'><strong>hocque</strong></span> <span class='ocrx_word' id='word_1_436' title='bbox 2147 4305 2315 4377; x_wconf 79' lang='lat' dir='ltr'><strong>adeo</strong></span> <span class='ocrx_word' id='word_1_437' title='bbox 2338 4307 2621 4379; x_wconf 69' lang='lat' dir='ltr'><strong>&amp;vobis</strong></span> <span class='ocrx_word' id='word_1_438' title='bbox 2658 4309 3313 4391; x_wconf 43' lang='lat' dir='ltr'><strong>„identidem-evenire</strong></span> <span class='ocrx_word' id='word_1_439' title='bbox 3349 4344 3486 4390; x_wconf 90' lang='lat' dir='ltr'><strong>non</strong></span> <span class='ocrx_word' id='word_1_440' title='bbox 3508 4324 3793 4413; x_wconf 66' lang='lat' dir='ltr'><strong>potestis</strong></span> <span class='ocrx_word' id='word_1_441' title='bbox 3892 4320 3915 4329; x_wconf 67' lang='grc'><em>“</em></span> 
     </span>
     <span class='ocr_line' id='line_1_43' title="bbox 870 4397 3795 4515; baseline 0.008 -40"><span class='ocrx_word' id='word_1_442' title='bbox 870 4397 1157 4480; x_wconf 80' lang='lat' dir='ltr'><strong>diffiteri·</strong></span> <span class='ocrx_word' id='word_1_443' title='bbox 1224 4403 1367 4476; x_wconf 84' lang='lat' dir='ltr'><strong>Vos</strong></span> <span class='ocrx_word' id='word_1_444' title='bbox 1392 4405 1588 4503; x_wconf 74' lang='lat' dir='ltr'><strong>igitur</strong></span> <span class='ocrx_word' id='word_1_445' title='bbox 1613 4403 1829 4495; x_wconf 77' lang='lat' dir='ltr'><strong>facite,</strong></span> <span class='ocrx_word' id='word_1_446' title='bbox 1852 4402 2108 4499; x_wconf 80' lang='lat' dir='ltr'><strong>fingite,</strong></span> <span class='ocrx_word' id='word_1_447' title='bbox 2135 4403 2324 4477; x_wconf 83' lang='lat' dir='ltr'><strong>dicite</strong></span> <span class='ocrx_word' id='word_1_448' title='bbox 2344 4451 2371 4492; x_wconf 84' lang='lat'>,</span> <span class='ocrx_word' id='word_1_449' title='bbox 2398 4406 2712 4515; x_wconf 79' lang='lat' dir='ltr'><strong>quidquid</strong></span> <span class='ocrx_word' id='word_1_450' title='bbox 2742 4402 3040 4497; x_wconf 63' lang='lat' dir='ltr'><strong>libuerit,</strong></span> <span class='ocrx_word' id='word_1_451' title='bbox 3064 4412 3171 4484; x_wconf 78' lang='lat' dir='ltr'><strong>vel</strong></span> <span class='ocrx_word' id='word_1_452' title='bbox 3204 4414 3354 4489; x_wconf 77' lang='lat' dir='ltr'><strong>haec</strong></span> <span class='ocrx_word' id='word_1_453' title='bbox 3382 4415 3585 4512; x_wconf 86' lang='lat' dir='ltr'><strong>spatia</strong></span> <span class='ocrx_word' id='word_1_454' title='bbox 3608 4424 3795 4498; x_wconf 80' lang='lat' dir='ltr'><strong>ima-</strong></span> 
     </span>
    </p>

    <p class='ocr_par' dir='ltr' id='par_1_13' title="bbox 1563 4545 3793 4613">
     <span class='ocr_line' id='line_1_44' title="bbox 1563 4545 3793 4613; baseline -0 -4"><span class='ocrx_word' id='word_1_455' title='bbox 1563 4552 1572 4562; x_wconf 86' lang='grc'><em>·</em></span> <span class='ocrx_word' id='word_1_456' title='bbox 2378 4568 2387 4575; x_wconf 94' lang='grc'><em>·</em></span> <span class='ocrx_word' id='word_1_457' title='bbox 3590 4545 3793 4613; x_wconf 64' lang='lat' dir='ltr'><strong>gina,</strong></span> 
     </span>
    </p>
   </div>
   <div class='ocr_carea' id='block_1_4' title="bbox 4136 2276 4162 3835">
    <p class='ocr_par' dir='ltr' id='par_1_14' title="bbox 4136 2276 4162 3835">
     <span class='ocr_line' id='line_1_45' title="bbox 4136 2276 4162 3835; baseline 0 0"><span class='ocrx_word' id='word_1_458' title='bbox 4136 2276 4162 3835; x_wconf 95' lang='lat' dir='ltr'><strong> </strong></span> 
     </span>
    </p>
   </div>
  </div>
 </body>
</html>
