4188 5670
982 293 1132 452 ,343
2023 342 2974 428 anmounsg

970 536 1125 627 ejus
1156 527 1476 625 personae·
1501 524 1813 598 convenit
1853 550 1874 602 3
1947 518 2197 610 Verba,
2247 519 2609 617 fignificat-e
2648 515 2938 613 possunt,
2968 517 3232 589 Paulum
3275 514 3913 611 essepeoeatorum,5

968 630 1249 708 ‚Christo
1283 629 1430 700 inde
1479 623 1569 697 ab
1606 647 1691 696 eo
1726 643 2072 714 tempore,
2122 646 2256 715 quo
2309 622 2394 693 ad
2444 623 2574 709 hoc
2615 643 2784 713 opus
2836 614 2905 686 in
2951 615 3279 688 mundum
3327 619 3510 710 venit
3550 664 3572 697 ‚
3629 616 3913 706 salvato.

968 756 1138 808 «rum
1164 782 1185 815 ‚
1242 729 1610 798 maximum
1646 752 1668 802 3
1721 724 1786 793 &
1845 717 1895 791 fi
1936 744 2056 793 nec
2088 723 2215 794 hoc
2243 717 2449 792 -sensu
2498 721 2566 792 in
2602 715 2864 789 summo
2903 714 3117 808 rigore
3167 739 3402 790 verum
3443 712 3543 790 :sit
3583 766 3621 803 ⁴,
3691 723 3908 813 potuit

961 849 1209 904 ,tamen
1258 828 1387 896 hoc
1414 823 1641 895 Paulus
1669 820 1750 892 de
1778 817 1839 891 se
1860 844 1974 912 per
2007 819 2444 892 humilitatem
2473 816 2749 892 credere.
2865 812 3308 907 Credoigitur
3341 837 3590 887 nomen
3619 819 3904 915 ἐμαρτυ-

964 935 1086 1006 κ,λτιῖ
1139 928 1241 1000 hic
1300 917 1657 1017 fignifimre
1707 940 1993 1014 magnum
2039 920 2324 1011 aliquem
2373 919 2439 989 &
2491 934 2853 1010 peccatoran
2886 911 3202 1004 publicum
3225 941 3252 997 a
3281 937 3514 986 eorum
3561 913 3645 984 ad
3702 915 3904 988 chris.

988 1046 1136 1100 tum
1194 1019 1660 1096 conversorum
1703 1017 1967 1090 Paulum
2017 1024 2287 1109 primum
2332 1034 2453 1088 aut
2498 1018 2664 1090 inter
2713 1019 2937 1106 primos
2982 1007 3161 1082 fuiffe
3185 1061 3212 1097 ,
3259 1011 3329 1083 id
3381 1010 3568 1105 quod
3596 1035 3744 1107 uon
3772 1039 3903 1088 mo.

988 1126 1077 1198 do
1114 1120 1428 1217 ,personae
1476 1117 1811 1210 congruit,
1867 1111 1975 1186 sed
2025 1119 2090 1188 ἃ
2137 1139 2290 1186 cum
2336 1112 2528 1187 versu
2575 1112 2883 1205 sequenti.
3011 1151 3024 1162 -

1196 1293 1261 1355 2.
1314 1278 1549 1350 Canon
1589 1270 1723 1344 est:
1780 1276 2103 1362 Scriptores
2130 1274 2197 1342 S.
2268 1265 2424 1339 nihil
2464 1267 2763 1340 intendere
2811 1283 3145 1361 potuerunt
3168 1311 3189 1347 ‚
3254 1260 3426 1363 quod
3460 1263 3759 1362 scripfiffi
3799 1278 3901 1342 non

877 1386 883 1394 ’
990 1386 1271 1457 convenit
1298 1373 1548 1467 personae
1586 1389 1790 1441 eorum
1817 1419 1840 1454 ,
1891 1368 1980 1439 ad
2022 1395 2170 1468 quos
2201 1364 2504 1455 firibunt.
2576 1366 2727 1437 Dici
2773 1367 3078 1462 equidem
3126 1362 3341 1459 potest
3362 1413 3385 1450 ,
3431 1364 3497 1437 S.
3551 1368 3894 1460 Scriptores

990 1504 1217 1555 omnes
1259 1467 1551 1564 scripfiffe
1592 1465 1893 1539 Ecclefiae
1942 1464 2282 1539 universali
2324 1465 2625 1535 omnium
2672 1483 3097 1558 temporum3
3150 1486 3523 1564 quacunque
3561 1483 3712 1536 ante
3723 1466 3891 1557 scr-iy-

944 1639 961 1646 -
987 1597 1057 1654 ta
1082 1577 1240 1668 sunt
1276 1570 1361 1642 ad
1392 1569 1651 1659 nqsiram
1694 1566 2026 1639 doffrinam
2043 1563 2278 1656 scripta
2305 1560 2479 1653 sunt.
2539 1563 2603 1635 Si
2675 1581 2895 1636 tamen
2937 1565 3224 1657 primam
3264 1557 3714 1634 intentionem
3755 1565 3888 1635 Pro-

944 1679 1332 1772 „phetarum
1385 1669 1450 1740 ἃ
1485 1664 1948 1758 Apostolorum
1979 1661 2344 1757 spectamus
2372 1712 2396 1747 ,
2451 1660 2649 1732 locuti
2702 1660 2851 1733 sunt
2879 1665 2943 1750 ἃ
2996 1658 3380 1753 scripserunt
3412 1659 3536 1745 iis,
3602 1662 3687 1732 ad
3739 1685 3881 1756 quos

986 1771 1194 1848 verba
1234 1770 1346 1842 sua
1394 1765 1765 1838 immediate
1820 1763 2206 1835 direxerunt
2230 1809 2256 1846 ,
2308 1757 2548 1854 quibus
2597 1754 2800 1831 libros
2862 1758 3007 1831 suos
3050 1758 3343 1852 primum
3418 1756 3818 1840 tradiderunt
3853 1788 3877 1842 ‚-

975 1894 1276 1970 quorum
1323 1868 1545 1959 lingua
1590 1859 1967 1956 scripserunt
1993 1911 2016 1947 ,
2093 1864 2160 1932 &
2203 1879 2372 1931 noto
2427 1855 2577 1952 ipfis
2624 1854 3030 1950 potiffimum
3089 1855 3232 1928 stilo
3281 1883 3302 1935 3
3358 1858 3424 1928 δε
3483 1856 3570 1927 ad
3621 1881 3874 1952 quorum

989 1995 1207 2044 mores
1248 1970 1314 2040 &
1384 1959 1897 2046 consuetudines
1940 1955 2286 2052 saepiffirne
2325 1958 2641 2030 alludunt·
2757 1958 2858 2031 Ad
2909 1981 3074 2051 quos
3113 1955 3374 2046 Epistola
3408 1951 3750 2048 'Apostolicae
3789 1956 3872 2028 di-

954 2061 1183 2147 stectae
1228 2061 1357 2137 fine
1394 2114 1418 2151 ,
1462 2060 1785 2133 cernimus
1835 2082 1918 2130 ex
1975 2082 2202 2129 earum
2250 2052 2790 2151 inscriptionibus.

1179 2216 1332 2310 Jam
1378 2236 1529 2292 cum
1576 2207 1909 2282 voluerint
1954 2203 2088 2281 fine
2133 2205 2342 2282 dubio
2389 2209 2476 2283 ab
2525 2213 2600 2284 iis
2651 2211 2971 2307 intelligi,
3036 2236 3172 2284 non
3217 2205 3481 2307 poffunt
3517 2213 3645 2286 dici
3682 2207 3867 2283 sensus

987 2311 1318 2391 intendisse
1364 2336 1530 2405 quos
1554 2308 1637 2394 ii,
1689 2304 1912 2407 quibus
1946 2304 2279 2394 scribunt,
2328 2309 2424 2380 his
2467 2306 2686 2382 verbis
2741 2306 3150 2404 propofitOS,
3202 2310 3556 2405 intelligere
3597 2336 3720 2382 non
3756 2331 3866 2402 po-

987 2412 1275 2490 tuiffent3
1325 2429 1445 2482 aut
1475 2432 1629 2502 quae
1666 2401 1871 2479 verba
1914 2430 2050 2478 non
2096 2424 2464 2498 potuerunt
2493 2431 2632 2478 non
2675 2407 2855 2480 aliter
2901 2410 3298 2502 intelligere:
3353 2412 3525 2503 quod
3563 2408 3701 2484 sane
3728 2430 3855 2477 non

986 2514 1132 2586 satis
1181 2508 1340 2581 mihi
1383 2508 1642 2579 videtur
1710 2502 1958 2596 semper
2035 2504 2106 2573 in
2158 2504 2486 2595 Scriptura
2555 2506 2617 2576 S.
2674 2506 3154 2600 interpretanda
3240 2505 3581 2580 observari.
3680 2506 3856 2597 Saepe

938 2683 943 2689 .
989 2611 1167 2686 enim
1211 2608 1355 2682 loca
1394 2606 1742 2698 Scripturae
1783 2601 1875 2673 ita
1908 2601 2312 2695 explicantur
2345 2649 2368 2687 ‚
2395 2621 2472 2673 ut
2525 2597 2644 2674 nifi
2691 2605 2833 2696 quis
2878 2603 3252 2699 aliquandiu
3276 2607 3346 2676 in
3378 2604 3597 2680 scholis
3628 2603 3861 2676 hodier-

987 2711 1087 2783 nis
1140 2701 1525 2799 Theologiae
1581 2724 1850 2795 operam
1904 2699 2152 2771 dederit
2177 2750 2199 2785 ‚
2269 2702 2332 2770 &
2373 2698 2798 2799 systematibus
2842 2704 3200 2775 recentium
3254 2704 3632 2777 Doctorum
3674 2697 3859 2797 probe

986 2805 1071 2881 fit
1118 2804 1417 2881 imbutus
1444 2854 1467 2891 ,
1511 2828 1586 2874 ea
1634 2803 1762 2872 hoc
1818 2796 2042 2875 saltem
2097 2796 2302 2870 modo
2352 2799 2719 2895 intelligere,
2774 2825 2909 2872 non
2995 2797 3209 2895 poffit.
3284 2803 3506 2876 Multa
3560 2803 3741 2896 hujus
3784 2798 3861 2872 rei

988 2907 1286 3000 exempla
1319 2900 1561 2998 poffem
1596 2894 1871 2980 afferre3
1930 2900 2203 2971 unicum
2248 2893 2530 2971 sufficiat
2542 2929 2570 2982 ,-
2622 2899 2909 2972 Christus
2946 2900 3139 2981 dicit3
3189 2909 3435 3000 quaen'te
3471 2909 3742 2993 primum
3773 2907 3864 2989 Re-

975 3024 1170 3101 gnum
1196 3009 1317 3073 Dei
1334 3051 1355 3084 ,
1397 2998 1486 3083 &²
1505 3003 1634 3085 ejus
1656 3001 1960 3085 justitiam
1996 3046 2018 3081 ‚
2063 2993 2157 3082 ἓξ
2202 3014 2412 3068 caetera
2467 3004 2668 3069 omnia
2715 2997 2887 3071 vobis
2933 2998 3344 3085 afficientum
3387 2997 3508 3069 ubi
3555 3026 3672 3093 per
3711 3002 3861 3091 justi-

987 3109 1143 3177 tiam
1193 3095 1427 3170 Christi
1471 3094 1846 3187 intelligitur
1884 3094 1922 3163 a
1961 3094 2183 3177 multis
2201 3143 2225 3178 ,
2262 3096 2505 3188 justitia
2554 3094 2790 3167 Christi
2840 3094 3035 3167 nobis
3081 3118 3196 3191 per
3247 3102 3526 3192 gratiam
3553 3106 3863 3191 imputatus

987 3203 1053 3273 &
1091 3197 1182 3271 est
1225 3192 1489 3288 quidem
1532 3190 1844 3264 sententia
1880 3188 1995 3262 ista
2032 3188 2360 3264 veriffima
2376 3220 2404 3276 ‚-
2459 3193 2626 3266 hanc
2659 3193 2969 3286 justitiam
3016 3194 3208 3268 nobis
3249 3197 3675 3290 quaerendam
3718 3192 3860 3279 effi,

988 3320 1103 3373 aut
1136 3292 1566 3392 quaerendum
1608 3341 1633 3377 ‚
1685 3312 1763 3363 ut
1809 3290 1990 3362 Deus
2033 3289 2223 3362 nobis
2268 3309 2533 3385 propter
2582 3292 2910 3364 Christum
2970 3293 3238 3388 ejusque
3281 3293 3712 3369 obedientiam
3733 3318 3864 3386 pro-

986 3400 1182 3493 pitius
1217 3390 1312 3466 fit.
1392 3391 1517 3464 Sed
1556 3386 1611 3479 fi
1660 3385 1996 3467 confidem
2015 3439 2038 3474 ,
2108 3388 2336 3489 quibus
2376 3391 2501 3462 hoc
2542 3392 2580 3461 a
2631 3389 2886 3467 Christo
2936 3391 3187 3464 dictum
3236 3390 3353 3485 fit,
3401 3418 3542 3488 quo
3590 3413 3861 3486 tempor&

924 3550 936 3560 .
984 3494 1222 3579 dubito
1248 3543 1271 3578 ‚
1322 3514 1480 3561 num
1530 3489 1620 3560 illi
1670 3492 1738 3560 in
1788 3494 2045 3562 materia
2073 3487 2520 3581 justificationis
2564 3491 2655 3562 ita
2699 3487 2939 3562 fuerint
2977 3490 3292 3580 instituti,
3352 3510 3430 3565 ut
3475 3493 3612 3564 hoc
3633 3543 3655 3578 ,
3701 3487 3856 3584 quod

926 3636 935 3653 ι
987 3592 1274 3665 Christus
1321 3590 1530 3660 dicere
1560 3587 1791 3671 „voluit
1817 3637 1839 3670 ‚
1876 3586 2010 3657 ullo
2041 3585 2246 3657 modo
2280 3587 2619 3679 potuerint
2656 3588 3043 3682 intelligere,
3102 3616 3300 3684 quare
3325 3617 3451 3687 ego
3483 3593 3702 3664 malim
3731 3591 3859 3658 haec

984 3687 1189 3762 verba
1229 3690 1317 3760 ita
1360 3687 1427 3758 in
1460 3710 1691 3780 genere
1765 3684 2116 3776 intelligere
2172 3709 2191 3754 z
2239 3691 2508 3782 Qaerite
2530 3693 2722 3779 primo
2742 3711 2989 3783 regnum
3020 3694 3182 3776 Dei,
3232 3691 3397 3764 illud
3429 3688 3626 3785 ipsmn
3644 3740 3666 3775 ‚
3712 3682 3863 3786 qnod

982 3784 1328 3881 ddvmtaffi
1375 3786 1645 3857 creditur
1663 3834 1684 3868 ,
1737 3779 1828 3867 ἓξ
1874 3801 1949 3853 ut
1976 3783 2092 3853 tali
2105 3783 2350 3872 justitia
2378 3780 2467 3868 ἓξ
2488 3792 2711 3875 pietate
2726 3785 2967 3877 praediti
3014 3794 3411 3860 inveniremini
3445 3790 3650 3889 qualis
3679 3794 3738 3859 in
3766 3783 3865 3856 hoc

928 3911 1156 3981 „regno
1189 3890 1529 3982 requiritur
1552 3877 1701 3967 ,ἐξ
1736 3897 1932 3951 cetera
1959 3886 2158 3949 omnia
2202 3881 2324 3949 διο.
2367 3883 2594 3955 «Certe
2619 3880 2665 3953 fi
2697 3885 2840 3977 quis
2864 3880 3208 3978 supponit,
3238 3886 3542 3961 homines
3590 3886 3864 3960 nondum

916 4042 935 4050 -
980 3985 1076 4057 ita
1119 3980 1465 4151 linstitutos
1485 4029 1509 4065 ‚
1554 4001 1653 4053 -ut
1700 3976 1893 4049 hodie
1942 3976 2010 4046 in
2073 3974 2302 4048 scholis
2349 3975 2746 4054 Reformatis
2797 3980 3172 4059 instruimur
3188 4035 3215 4072 ‚
3270 3984 3475 4058 verba
3525 3990 3652 4059 vix
3699 3985 3863 4055 aliter

984 4082 1118 4159 inte
1164 4081 1385 4171 igeret.
1472 4128 1481 4139 .
2457 4156 2462 4163 ,

918 4236 931 4247 .
1182 4198 1246 4266 3.
1295 4178 1547 4248 Canon.
1599 4179 1763 4243 Cum
1786 4171 2062 4265 refluant
2097 4179 2163 4248 S.
2206 4178 2528 4268 Scriptores
2573 4178 2945 4270 adversarios
2971 4229 2996 4268 ,
3053 4206 3170 4253 non
3205 4184 3509 4256 intendere
3557 4195 3868 4278 potuerunt

967 4274 1212 4371 sensum
1252 4324 1276 4360 ‚
1329 4270 1690 4360 adversariis
1707 4321 1733 4358 ,
1783 4297 1929 4370 quos
1974 4271 2254 4364 refutant
2275 4325 2299 4362 ,
2349 4301 2468 4349 non
2516 4286 2972 4349 convenientem.
3080 4278 3190 4353 Est
3246 4303 3469 4354 autem
3517 4282 3735 4355 stnsus
3781 4280 3868 4351 hix

912 4436 919 4441 .
979 4401 1095 4453 non
1124 4378 1514 4457 conveniens,
1559 4393 1712 4441 cum
1759 4368 2072 4443 refutatur
2123 4396 2262 4444 non
2314 4374 2496 4467 quod
2549 4375 2638 4447 illi
2680 4374 2837 4446 olim
2881 4376 3294 4452 crediderunt
3313 4426 3337 4467 ,
3393 4378 3503 4452 sed
3545 4378 3730 4472 quod
3762 4380 3867 4449 ho·

982 4473 1189 4573 dierni
1220 4469 1418 4555 nostri
1452 4466 1792 4542 adversarii
1834 4461 2134 4541 afferunt.
2208 4471 2288 4542 In
2332 4497 2466 4564 quo
2498 4474 2692 4544 etiam
2745 4469 3083 4565 saepissime
3113 4500 3412 4569 peccatur
3442 4524 3467 4565 ,
3509 4497 3661 4550 tum
3687 4499 3868 4571 prop-

983 4593 1082 4655 ter
1119 4569 1608 4665 ignorantiam3
1657 4593 1818 4640 cum
1873 4566 2231 4656 nesc‘imus,
2292 4592 2598 4663 quaenam
2660 4572 2940 4662 genuina
2978 4573 3342 4666 priscorum
3398 4579 3696 4650 veritatis
3737 4568 3871 4645 hos·

982 4672 1155 4780 tium
1181 4667 1491 4747 sententia
1517 4665 1767 4755 fuerim
1815 4687 1957 4741 tum
2002 4690 2270 4765 propter
2300 4668 2569 4755 nimiam
2607 4669 3028 4762 cupiditatem
3059 4722 3084 4759 ,
3142 4673 3506 4747 nostrarum
3537 4675 3874 4746 hodierna-

3739 4790 3884 4841 rum
