4188 5670
1109 270 1134 320 ?
1219 253 1598 348 -³D'i⁷a
1659 269 2082 366 iso—eu
2136 250 2211 346 ἐξ.
2260 310 2287 316 -·
2334 253 2385 262 ”
2725 372 2728 376 .
3140 302 3277 376 133

336 443 721 547 ‘ubicunque
767 451 1033 527 tandem
1069 453 1387 526 terminos
1436 448 1659 525 fixeris
1686 500 1711 536 ‚
1759 449 1906 525 fieri
1955 469 2239 544 nequeat
2272 501 2296 539 ‚
2339 452 2504 544 quin
2562 459 2743 526 mens
2787 441 2903 526 tua
2957 480 3067 527 eos
3105 478 3277 529 tran·

211 583 236 632 ;-·
270 603 278 610 -
343 550 513 624 filiat
542 603 567 639 ‚
612 554 676 624 &
718 555 788 624 in
811 550 1020 641 nescio
1063 573 1218 645 quae
1253 554 1404 625 loca
1435 553 1812 646 imaginaria
1867 549 2289 643 exspatietur.
2359 552 2515 622 Hoc
2561 575 2711 626 cum
2761 550 3071 624 omnibus
3096 578 3280 625 com·

341 665 552 723 mune
571 645 692 735 fit,
749 648 1005 743 prorsus
1033 647 1168 735 (ut
1198 643 1636 744 sapientiffimi
1679 650 1920 742 quique
1957 644 2082 720 fibi
2123 645 2209 718 ab
2258 647 2354 718 his
2395 646 2605 741 spatiis
2628 699 2652 735 ,
2710 670 2894 720 extra
2941 650 3270 741 quoscun-

342 773 478 842 que
521 746 751 820 mundi
780 743 945 819 fines
989 746 1420 840 concipiendis
1453 796 1476 833 ‚
1529 766 1886 837 temperare
1920 771 2055 817 non
2108 741 2354 838 poffint
2404 743 2437 836 )
2496 744 2888 842 consequens
2931 745 3068 834 est,
3123 747 3263 820 non

345 868 428 915 ex
485 846 722 916 mentis
772 844 1209 917 imbecillitate
1256 847 1322 917 id
1356 845 1701 939 provenire
1728 895 1752 931 ‚
1803 840 1937 918 five
1964 845 2176 936 aliqua
2204 844 2681 937 imaginationis
2711 844 3067 937 petulantia
3093 874 3118 926 ‚-
3151 843 3261 916 sed

344 942 503 1016 inde
549 944 870 1030 omnino,
924 944 1103 1036 quod
1150 967 1301 1016 cum
1326 967 1464 1014 non
1504 940 1706 1012 alium
1747 942 1978 1013 mundi
2031 959 2427 1034 conceptum
2469 940 2821 1013 habeamus
2849 991 2873 1027 ,
2926 938 3046 1014 nisi
3078 942 3258 1018 inde-

329 1036 523 1115 'finiti
553 1090 577 1124 ,
641 1037 845 1112 sensui
903 1039 1125 1113 nostro
1188 1059 1506 1132 repugnet
1545 1038 1871 1111 mundum
1923 1036 2205 1112 finitum'
2228 1039 2582 1130 concipere.
2624 1127 2627 1131 Ι
2696 1036 2920 1112 Habes
2965 1037 3250 1111 breviter

331 1134 649 1308 'gartefiii
684 1161 1042 1284 ²meamque
1085 1138 1166 1209 de
1229 1136 1463 1210 mundi
1505 1131 1828 1209 infinitate
1880 1134 2281 1212 sententiam.
2415 1135 2540 1208 Sed
2602 1136 2925 1230 numquid
2972 1134 3247 1210 dissentis

413 1235 624 1308 aedaie
687 1291 704 1304 .
971 1253 976 1256 ’
1220 1251 1226 1281 ·'
1707 1243 1714 1249 ’
1895 1235 1904 1246 ’
2626 1231 2632 1242 ”

544 1329 724 1404 Daed.
792 1331 1093 1407 Dilucide
1116 1382 1140 1418 ,
1183 1353 1262 1405 ut
1285 1333 1447 1406 mihi
1471 1327 1738 1426 quidem
1761 1327 2026 1414 'uidetur
2049 1382 2074 1418 ‚
2102 1358 2243 1405 rem
2268 1329 2663 1425 expedivisti.
2743 1331 2970 1405 Tuum
3009 1354 3183 1402 nunc
3205 1379 3232 1418 ‚

344 1428 777 1517 Philalethes,
828 1432 917 1504 est
937 1482 962 1518 ‚
993 1448 1107 1502 aut
1146 1433 1392 1503 vitium
1446 1430 1774 1502 ostendere
1813 1427 1883 1504 in
1921 1431 2411 1504 ratiocinatione
2451 1425 2719 1502 Ca‘rtesii
2738 1458 2765 1512 ,-
2817 1447 2933 1499 aut
2960 1425 3231 1519 aperire,

348 1551 490 1620 quo
543 1530 738 1620 pacto
771 1525 933 1601 fines
972 1529 1205 1601 mundi
1248 1527 1501 1622 concipi
1542 1524 1787 1622 poffint
1820 1555 1847 1610 ,-
1899 1545 2018 1600 aut
2052 1529 2323 1602 omnino
2363 1528 2688 1600 mundum
2738 1522 3005 1600 finitum
3057 1520 3174 1597 eflb
3199 1574 3232 1611 ,

352 1625 683 1700 evidentia
732 1626 1361 1700 demonstrationum
1420 1628 1737 1704 evincere.
2003 1632 2010 1638 ’
2180 1641 2187 1656 “

393 1785 400 1790 .
566 1721 720 1795 Phil.
789 1726 1048 1798 Faciam
1091 1726 1237 1800 haec
1276 1725 1500 1815 omnia
1527 1722 1768 1798 sedulo.
1834 1728 2184 1820 Ac,primo
2210 1725 2473 1819 quidem
2499 1724 2703 1796 miror
2726 1721 3059 1796 'neutrum
3099 1716 3236 1795 vess

345 1835 540 1893 trum
584 1823 822 1893 vitium
863 1824 932 1894 in
977 1819 1252 1916 Cartefii
1291 1823 1858 1916 argumentatione
1888 1821 2418 1900 animadvertere.
2492 1815 2661 1910 Qis
2692 1817 2866 1894 enim
2892 1844 3030 1890 non
3058 1820 3236 1892 videt

347 1925 519 1990 'eum
568 1924 1049 2014 imaginationem
1097 1920 1207 1991 hic
1229 1929 1401 1990 *cum
1447 1938 1722 2011 conceptu
1739 1939 1912 2014 'puro
1936 1972 1961 2009 ,
2003 1942 2081 1993 ut
2123 1922 2307 1996 aiunt
2326 1971 2352 2007 ‚
2388 1917 2781 1992 confundere
2806 1923 2841 1985 ε’
2865 1917 3124 2011 Nempe
3149 1913 3237 1990 ab

345 2031 500 2086 'una
536 2033 722 2106 parte
753 2017 924 2087 vidit
969 2011 1362 2087 acutiffimus
1400 2016 1818 2111 Philosophus
1840 2070 1867 2108 ‚
1920 2018 2137 2091 secum
2210 2042 2451 2120 ugnare
2490 2042 2601 2089 eos
2622 2063 2649 2100 ‚
2698 2017 2812 2110 qui
2841 2013 3041 2108 spatia
3080 2016 3239 2085 ima-

353 2111 617 2204 ginaria
642 2160 668 2196 ‚
717 2112 784 2184 id
823 2111 915 2186 est
949 2111 1292 2206 spatiosum
1325 2115 1477 2186 nihil
1509 2113 1536 2203 ‚'
1583 2135 1769 2190 extra
1801 2117 2131 2194 mundum
2153 2044 2416 2209 Engunt
2443 2165 2468 2201 ‚
2509 2139 2659 2187 cum
2687 2138 2885 2186 omne
2931 2110 3236 2202 spatium,

354 2211 429 2300 βε
474 2207 791 2302 quidquid
837 2209 1000 2282 adeo
1046 2214 1470 2306 imaginamur
1491 2261 1515 2299 ,
1562 2239 1698 2287 non
1750 2213 1909 2287 nihil
1939 2264 1963 2301 ‚
2010 2211 2120 2288 sed
2163 2238 2389 2290 revera
2416 2209 2752 2287 extensum
2782 2214 2845 2283 &
2876 2235 3108 2304 corpus
3132 2205 3235 2280 fit.

352 2302 472 2395 Ab
516 2305 715 2378 altera
740 2328 923 2399 parte
974 2309 1199 2379 mundi
1238 2306 1400 2380 fines
1437 2312 1780 2404 imaginari
1817 2293 2131 2416 aggreffus
2156 2361 2178 2397 ‚
2217 2336 2354 2382 non
2387 2310 2607 2404 potuit
2632 2360 2656 2396 ‚
2707 2309 2867 2404 quin
2895 2307 3241 2384 extra‘hos.

359 2399 526 2473 fines
572 2401 773 2495 spatia
815 2405 960 2493 haec
1003 2406 1382 2499 imaginaria
1422 2408 1529 2479 vel
1580 2407 1790 2482 invito
1828 2405 2281 2492 occurrerent5
2320 2405 2455 2479 fixie
2477 2404 2723 2500 ‚quod
2752 2401 2931 2480 idern
2955 2403 3083 2502 est.
3104 2425 3243 2502 non

359 2500 580 2593 potuit
623 2501 964 2595 imaginari
1001 2504 1311 2576 terminos
1354 2504 1586 2578 mundi
1625 2555 1653 2591 ,
1683 2508 1860 2598 quin
1907 2526 2093 2582 extra
2108 2531 2246 2584 ,eos
2292 2506 2463 2578 aliud
2503 2503 2737 2596 corpus
2780 2502 3239 2594 imaginaretur

365 2593 690 2668 mundum
737 2600 1022 2693 undique
1063 2600 1359 2674 ambiens
1383 2651 1409 2688 ,
1463 2627 1540 2674 ac
1564 2603 1833 2695 proinde
1867 2606 1948 2675 ad
1997 2603 2152 2674 curn
2186 2604 2530 2696 pertinens.
2600 2601 2781 2688 Qae
2805 2593 2972 2670 inter
3002 2593 3064 2670 ie
3089 2620 3245 2668 cum

372 2692 698 2768 manifeste
740 2715 1085 2790 pugnent,
1134 2700 1300 2769 clare
1337 2700 1841 2779 animadvertit3
1882 2699 2025 2774 fieri
2068 2724 2208 2770 non
2249 2696 2421 2791 poffe
2466 2716 2544 2768 ut
2593 2695 2823 2770 mundi
2878 2692 3045 2770 fines
3102 2695 3249 2786 quis

374 2789 775 2885 imaginetur.
844 2794 975 2867 Sed
1023 2795 1336 2888 quoniam
1380 2795 1464 2867 ad
1509 2793 1983 2868 distinctionem
2016 2796 2450 2890 imaginationis
2492 2796 2557 2868 &
2598 2818 2768 2867 conce
2796 2811 2889 2869 trs
2923 2798 3073 2887 puri,
3100 2812 3250 2871 tum

363 2911 514 2960 -non
551 2891 827 2980 attendit
877 2890 912 2982 (
955 2912 1033 2963 ut
1066 2896 1170 2967 in.
1225 2891 1439 2986 spatiis
1484 2893 1890 2987 imaginariis·
1943 2892 2299 2969 refutandis
2363 2913 2681 2997 occupato
2798 2892 2913 2965 cile
2959 2890 3249 2965 accidere

368 2986 680 3089 poterat)
727 2990 994 3080 negavit
1037 2993 1309 3065 omnino
1356 2987 1518 3063 fines
1554 2992 1788 3064 mundi
1828 2990 2079 3085 concipi
2122 2986 2314 3085 posse.
2361 2991 2385 3068 ,’
2456 3078 2461 3087 ,
2564 3064 2569 3067 ,
2630 3034 2639 3075 ;
3077 3043 3082 3047 -

450 3151 480 3171 ..
570 3088 693 3157 Pol.
767 3087 913 3158 Imo
954 3084 1280 3160 notifl'ima
1304 3139 1328 3177 ‚
1355 3096 1402 3160 ὁ
1442 3087 1654 3165 noster
1685 3141 1712 3179 ‚
1757 3091 1900 3167 haec
1935 3088 2127 3164 nobis
2161 3088 2479 3165 distinctio
2504 3089 2596 3165 est
2617 3140 2640 3176 ,
2684 3090 2748 3167 &
2788 3083 3079 3161 Cartefio
3103 3088 3250 3179 per-2

374 3190 582 3275 quam
619 3180 952 3256 familiaris.
1012 3185 1124 3257 Est
1158 3183 1303 3257 sane
1328 3205 1631 3277 conceptus
1643 3208 1824 3279 purus
1845 3239 1873 3275 ‚
1898 3190 2016 3285 quo
2038 3194 2130 3258 rei
2150 3185 2465 3350 fffintimn
2494 3184 2584 3272 ἓξ
2622 3183 2927 3258 attributa
2942 3233 2968 3269 ‚
3011 3182 3252 3271 ursuni

373 3264 506 3373 ff
535 3300 647 3373 per
668 3278 744 3369 fi’
760 3329 788 3366 ,
815 3279 948 3369 fine
976 3282 1107 3354 ulla
1134 3289 1391 3379 imagine
1417 3288 1684 3373 corporea
1711 3292 2096 3376 concipimur:
2176 3306 2314 3355 lcut
2362 3301 2610 3354 mentes
2655 3277 3050 3371 concipimus
3074 3327 3100 3364 ,
3147 3302 3252 3351 ea-

371 3389 656 3470 rumque
699 3377 1024 3473 actiones,
1059 3380 1411 3473 intelligere
1435 3430 1463 3479 ,
1504 3380 1787 3469 judicate
1813 3431 1838 3470 ,
1889 3397 2192 3473 appetere
2227 3428 2251 3463 ,
2314 3348 2431 3450 gre.
2488 3375 2824 3476 ipsumque
2863 3374 3028 3447 adeo
3073 3375 3257 3449 nihil.

375 3476 485 3567 Est
531 3475 737 3547 deinde
761 3482 1051 3571 conceptio
1071 3528 1096 3566 ‚
1155 3503 1283 3576 qua
1325 3482 1415 3549 rei
1470 3478 1744 3564 ancujus
1779 3482 1970 3573 imago
2019 3495 2286 3565 corporea
2330 3482 2393 3545 in
2419 3472 2648 3548 cerebro
2689 3472 3024 3568 depingitur
3044 3500 3065 3543 .·
3096 3498 3260 3575 qua,

358 3571 430 3664 fi
471 3598 553 3644 ex
567 3572 865 3665 occasione
907 3577 1152 3667 corporis
1192 3575 1445 3663 alicujoe
1486 3573 1787 3667 prasenti·-
1840 3592 2016 3647 extra
2055 3596 2162 3644 nos
2188 3618 2230 3658 ,.
2276 3572 2473 3664 cooptat
2524 3573 2787 3664 nostrum
2830 3567 3263 3675 quodammodo

367 3669 667 3763 pulsantis
695 3678 897 3745 oritur
920 3672 1121 3763 ,vzfio
1147 3672 1298 3762 ,·sin·
1323 3677 1365 3745 ἆ
1397 3673 1710 3765 spiritibus
1737 3669 2191 3765 prementibus
2235 3679 2303 3742 in
2326 3690 2579 3764 corpore
2625 3688 2813 3745 mom
2841 3666 3066 3757 fimiter
3106 3677 3182 3743 iis
3232 3720 3262 3758 ,

418 3776 493 3841 ni
531 3772 575 3838 ἁ
613 3791 842 3862 corpore
859 3769 1138 3860 praesente
1161 3789 1338 3845 caetra
1371 3796 1475 3845 nos
1505 3771 1927 3862 producuntur
1949 3820 1975 3857 ,
2021 3774 2371 3864 imaginatio
2417 3769 2665 3849 dieitur,
2718 3812 2727 3826 ι
2774 3769 2874 3841 Ita
2896 3786 3012 3839 tua
3050 3817 3074 3851 ,
3122 3769 3267 3843 Phi-

443 3868 647 3943 lethes
671 3915 696 3951 ‚
748 3868 976 3960 imago
1004 3869 1228 3940 animo
1268 3893 1420 3941 meo
1461 3867 1846 3949 observatur
1891 3894 2027 3946 non
2078 3867 2281 3947 modo
2324 3891 2477 3941 cum
2513 3886 2581 3939 te
2640 3866 2918 3960 praesens
2954 3864 3214 3940 intueor
3237 3918 3265 3953 ,

376 3962 493 4039 sed
539 3965 743 4037 etiam
780 3988 932 4039 oum
967 3965 1193 4056 procul
1241 3966 1279 4036 a
1327 3986 1394 4036 te
1444 3963 1591 4041 sum
1639 3988 1951 4039 remotus.
2013 4022 2022 4033 .
2068 3970 2161 4041 At
2200 3961 2565 4037 Cartefium
2611 3966 2755 4038 haec
2804 3960 3202 4041 confimdere
3238 4012 3270 4050 ,

379 4085 680 4153 quorum
701 4059 842 4154 ipse
875 4065 1068 4135 toties
1111 4060 1303 4147 nobis
1339 4060 1811 4137 diffinr‘lionem
1835 4064 2115 4134 inimicat
2142 4112 2166 4147 ,
2188 4065 2263 4135 ἃ
2286 4064 2401 4154 qui
2424 4109 2446 4142 ‚
2482 4060 2535 4134 fi
2572 4061 2952 4157 quisquam,
2981 4082 3273 4146 mentem

381 4160 424 4228 a
469 4154 763 4231 sensibus
801 4158 1282 4253 &imaginibus
1306 4157 1666 4233 abstrahere
1717 4160 1982 4255 potuim
2035 4163 2103 4232 id
2152 4184 2314 4235 vero
2352 4159 2461 4230 ‘est'
2503 4211 2528 4249 ‚
2587 4160 2768 4253 quod
2826 4154 2999 4229 haud
3046 4160 3136 4232 ita
3180 4152 3277 4229 fass

386 4256 508 4331 cile
559 4252 688 4329 tibi
729 4253 1045 4329 affentior.
1349 4283 1361 4295 ’
1767 4314 1774 4323 .
1993 4288 1998 4295 ·

587 4351 744 4429 Phil.
829 4353 1013 4429 Faxo
1052 4350 1391 4427 afl'entiatis
1441 4382 1462 4423 .·
1498 4354 1570 4425 id
1614 4354 1818 4427 modo
1845 4379 2022 4433 nunc
2057 4354 2264 4429 velim
2309 4354 2619 4428 concedas
2640 4402 2666 4443 ‚
2713 4346 2923 4424 multa
2968 4348 3086 4424 effe
3126 4372 3287 4440 quae

377 4456 692 4543 toncipere
731 4446 1066 4542 poffumus
1101 4498 1124 4534 ,
1167 4457 1493 4546 imaginari
1533 4477 1670 4523 non
1723 4450 2069 4545 poffumus.
2310 4502 2317 4511 ·
2550 4522 2556 4528 .
2783 4481 2793 4493 ⁸
3218 4536 3234 4551 .

353 4556 358 4559 ’
451 4564 490 4577 ··
595 4547 723 4627 fol.
819 4547 1020 4618 Haud
1059 4547 1358 4637 equidem
1404 4546 1648 4621 inficias
1685 4551 1919 4623 iverim
1939 4599 1967 4639 ‚
2020 4547 2068 4621 fi
2120 4549 2203 4624 de
2246 4542 2442 4619 rebus
2498 4541 2929 4643 spiritualibus
2984 4544 3295 4631 loquens.

613 4642 991 4743 Wermfitfie
1045 4641 1337 4735 cpuftuta
1385 4648 1585 4722 Tom.
1636 4647 1671 4718 1
1686 4647 1744 4721 1.
2075 4714 2084 4725 .
2513 4648 2559 4724 s
2686 4718 2695 4729 ,
3092 4629 3310 4704 Idem-
