4188 5670
1400 412 2520 502 Euenum-unium.
2789 505 2792 508 ,
3209 441 3355 515 575

710 603 855 689 Ast
907 590 992 685 in
1032 599 1318 683 talibus
1373 627 1766 714 occupata
1816 635 2293 720 nunquam,

710 728 890 803 Nee
941 717 1317 811 tendens,
1384 727 1644 835 magis
1688 723 1939 834 usque
1971 725 2265 809 habere
2297 752 2728 815 mentem,

713 843 983 947 Qam
1025 834 1201 919 v'ult'
1239 834 1662 946 discipulos
1705 841 1997 925 habere
2041 850 2302 926 CHR
2326 851 2354 925 1
2379 852 2432 928 S
2456 852 2528 928 T
2552 852 2623 930 U
2645 852 2746 941 S,

710 953 1059 1034 Pulchro
1108 956 1269 1035 hoc
1307 957 1646 1039 nomine
1700 959 1889 1043 Vita
1939 956 2185 1073 digna
2244 988 2414 1044 non
2447 962 2580 1045 est.

1753 1126 2017 1207 Llll.

444 1302 652 1410 AD
762 1258 1607 1408 INSIGNEM
1717 1304 2412 1412 FLORUM
2531 1286 3366 1411 AMATOREM.

709 1505 1064 1617 Jucundi
1122 1506 1364 1588 flores
1438 1511 1616 1590 Tua
1679 1498 1954 1590 suntsi
2002 1508 2261 1615 prima
2332 1506 2750 1614 voluptas,

668 1616 675 1621 ’
713 1622 1025 1729 Hisque
1067 1624 1478 1717 renidenti
1522 1622 1725 1709 nihil
1791 1623 1900 1706 est
1939 1624 2133 1705 Tibi
2191 1625 2497 1704 charius
2538 1625 2778 1703 horto
2814 1648 2842 1717 3

646 1783 667 1793 -
711 1737 1013 1823 Pallor?
1078 1768 1179 1821 an
1234 1740 1598 1845 insolitus
1657 1742 1868 1820 coelo
1910 1743 2135 1822 venit
2179 1739 2420 1820 ardor
2457 1738 2557 1818 ab
2604 1738 2769 1818 alto
2801 1790 2824 1817 ‚

713 1857 1000 1963 Teque
1047 1854 1147 1936 ad
1198 1858 1274 1939 sc
1324 1864 1549 1941 Deus
1599 1856 1757 1964 ipsc
1798 1883 2145 1963 operum
2189 1855 2507 1965 fulgore
2557 1851 2887 1934 filorum

709 1975 963 2052 Ducit
999 2029 1022 2063 ,
1090 1978 1167 2054 ὅ(
1226 1976 1441 2052 hunc
1488 1971 1693 2063 ideo,
1718 1972 1912 2052 Tibi
1969 1971 2270 2053 florum
2317 1970 2640 2079 inspirat
2705 1967 3125 2050 amorem?

712 2086 1141 2171 Tumodo
1186 2113 1349 2170 tam
1392 2087 1694 2169 blando
1737 2093 1857 2169 Tc
1894 2088 2040 2170 filo
2093 2087 2433 2198 agnosce
2484 2088 2938 2170 trahentem
2969 2141 2996 2177 ‚

703 2201 1203 2311 'Defixusquc
1246 2207 1523 2285 animo
1568 2205 1843 2287 nitidis
1881 2207 1965 2285 in
2005 2204 2342 2287 floribus
2370 2262 2394 2299 ,
2457 2228 2681 2284 aures

707 2324 803 2399 Et
841 2320 1107 2429 praebc
1156 2312 1475 2401 Artifici
1517 2349 1661 2428 per
1703 2321 2064 2427 tot’l'ibi
2102 2345 2324 2432 grata
2354 2321 2752 2428 loquenti.

708 2441 885 2516 Nec
931 2436 1171 2516 talem
1224 2441 1357 2517 Tu
1397 2437 1637 2521 crede
1679 2465 2013 2518 manum
2062 2436 2324 2521 modo
2380 2436 2686 2546 fingere
2737 2438 3030 2529 florcs;

714 2550 949 2632 Unde
1005 2551 1262 2641 'oculis
1311 2555 1579 2633 veniat
1614 2579 1815 2633 mox
1862 2552 2276 2633 interitura
2317 2553 2731 2660 voluptas;

716 2670 952 2749 Certc
998 2669 1082 2748 in
1139 2689 1297 2747 tam
1345 2692 1684 2774 parvum
1715 2675 1929 2750 Deus
1968 2670 2136 2747 haec
2171 2696 2338 2748 non
2374 2665 2732 2777 prodigit
2777 2665 3030 2749 usum.

709 2784 880 2865 Tot
931 2785 1156 2874 miris
1210 2785 1644 2867 hominum
1678 2840 1701 2867 ,
1768 2783 2060 2895 quibus
2104 2810 2221 2866 ars
2267 2783 2392 2866 est·
2426 2783 2808 2866 omnibus
2854 2791 3154 2894 impar,

708 2907 901 2982 Non
948 2899 1209 2982 modo
1258 2902 1430 2983 vult
1472 2902 1802 2994 oculos,
1866 2930 2150 2986 verum
2190 2900 2290 2982 ad
2336 2901 2413 2982 se
2458 2901 2773 2982 flectere
2824 2924 3163 2984 mentes».
3221 2969 3230 2976 ,

713 3016 1101 3099 Panditur
1143 3020 1261 3098 his
1294 3009 1535 3113 'solis‚
1601 3016 1831 3126 quod
1871 3019 2169 3100 habent
2209 3019 2570 3099 mirabile
2612 3018 2850 3100 flores
2872 3048 2903 3117 ;

707 3134 853 3213 His
901 3132 1093 3213 solis
1145 3161 1487 3244 magnus
1538 3134 1957 3218 scflorum
2010 3135 2315 3246 detegit
2362 3136 2691 3215 Auster.

708 3252 940 3330 Mens
976 3251 1195 3362 hune
1234 3249 1480 3359 usque
1520 3251 1780 3358 potest
1830 3253 2119 3361 quovis
2163 3255 2246 3332 in
2276 3249 2484 3332 flore
2533 3250 2808 3333 videre
2843 3280 2875 3348 3

672 3362 873 3446 'Sed
914 3391 1248 3474 quoquc
1297 3367 1472 3448 vult
1519 3367 1816 3474 opifex
1869 3369 2161 3475 quovis
2213 3370 2296 3448 in
2338 3366 2541 3447 flore
2579 3365 2866 3449 videri.

707 3488 887 3562 Nec
928 3506 1290 3564 mentem
1328 3485 1412 3564 in
1449 3484 1682 3590 piffis
1724 3488 1950 3591 cupit
2004 3484 2257 3590 usque
2293 3486 2585 3565 haererc
2627 3482 2959 3566 tabellis.

715 3598 1036 3678 Scilicet
1075 3621 1163 3678 ut
1208 3602 1553 3706 Sponsae
1577 3598 1886 3681 dilecta:
1917 3626 2249 3679 munera
2294 3599 2642 3707 Sponsus
2711 3633 2744 3655 ’-

709 3714 1001 3795 Dulcia
1038 3718 1292 3795 mittit
1341 3744 1659 3800 amans
1720 3743 1893 3798 non
1933 3714 2160 3796 dono
2193 3736 2284 3808 ut
2322 3714 2713 3797 adhaereat
2751 3709 2945 3849 ulli,

657 3871 671 3894 ε
710 3829 869 3911 sed
921 3837 1337 3936 nunquarn'
1382 3855 1471 3912 ut
1524 3834 1737 3913 chari
1777 3829 2011 3913 cesset
2048 3858 2371 3914 memor
2411 3830 2561 3913 esse
2617 3838 2989 3954 Daton&

709 3955 987 4032 Mente
1020 3947 1237 4028 Deus
1277 3947 1510 4028 simili
1569 3971 1695 4030 tot
1745 3948 1943 4029 ditat
1992 3947 2331 4029 floribus
2369 3929 2719 4045 hortos;
3011 3993 3108 4028 χ

659 4107 681 4122 ·
709 4069 1028 4174 spargit
1071 4066 1155 4144 in
1198 4066 1320 4143 his
1360 4064 1595 4146 nobis
1642 4068 1989 4171 pulchra
2010 4067 2183 4147 haec
2222 4066 2751 4160 munuscula,
2812 4064 3075 4176 largus

709 4187 816 4262 Ut
858 4190 1111 4263 Dator
1149 4179 1474 4262 illorum
1517 4206 1683 4259 non
1728 4179 2110 4260 cordibus
2150 4182 2422 4263 effluat
2459 4210 2858 4291 unquam.
3003 4235 3008 4242 -

711 4299 952 4378 Parva
1002 4300 1169 4379 haec
1219 4323 1471 4379 nemo
1517 4314 1791 4406 putet,
1858 4323 2097 4403 parva
2128 4298 2300 4377 haec
2328 4297 2428 4379 ad
2468 4298 2801 4410 grandia
2841 4293 3214 4390 tendunt.'

706 4422 882 4497 Nec
932 4439 1082 4493 nos
1124 4424 1494 4497 Donator
1548 4416 1769 4523 cupit
1809 4414 1930 4514 his
1981 4413 2253 4494 satiare
2290 4414 2620 4524 figuris;

638 4528 844 4615 ²Ad
880 4556 1270 4644 magnum
1324 4538 1403 4614 ὅ(
1422 4529 1797 4616 solidum
1828 4529 1967 4614 sed
2013 4533 2255 4641 gratis
2311 4533 2557 4692 aflicit
2594 4519 2957 4612 umbris·
2924 4579 2960 4621 ,
