4188 5670
949 363 956 364 γ
1113 351 1124 360 ,
1409 267 2239 374 nminem:
3166 330 3302 402 141

404 444 934 541 infinitum‘addi
975 441 1196 544 poffizt.
1245 503 1258 512 e
1329 445 1632 548 Denique
1684 453 1973 552 mundus
2016 475 2277 552 partem
2321 456 2508 541 exn-a
2548 487 2806 564 partem
2830 501 2966 553 non
3015 478 3308 574 haberet,

395 549 451 625 fi
494 557 932 643 unaquaeque
957 545 1211 638 infinita
1243 543 1394 622 effer
1415 600 1441 640 ,
1481 574 1677 647 atque
1712 553 1875 628 adeo
1921 581 2125 630 omne
2169 557 2452 654 spatium
2497 567 2813 663 impleret.
2933 583 3160 671 Qare
3188 610 3310 680 ego

393 648 694 722 ‹hstinne
733 646 1092 741 respondeo
1144 673 1163 718 ι
1215 666 1432 741 partes
1480 647 1753 747 fingulae
1795 651 2006 728 finitae
2045 653 2194 730 sunt
2220 709 2245 748 ,
2296 663 2617 739 universae
2664 671 2946 750 infinitae
2979 708 3006 763 ,-
3045 700 3162 754 aut
3184 733 3209 770 ,
3260 680 3313 755 fi

389 751 632 826 mavis·
661 798 685 837 ,
734 747 1021 844 partium
1072 746 1389 842 quaelibet
1410 741 1599 824 finita
1625 751 1716 824 est
1736 801 1761 839 ,
1797 778 2108 828 numerus
2133 754 2270 833 five
2295 765 2649 840 multitudo
2692 775 2977 867 partium
3012 776 3308 854 infinita.

595 849 750 920 Phil·
824 847 1186 941 Intelligo.-
1231 852 1552 937 Qaerere
1607 851 1710 923 hic
1755 847 2000 947 poffem
2025 905 2050 943 ‚
2096 875 2325 930 utrum
2374 887 2726 943 numerum
2785 868 3122 948 infinitum
3175 880 3313 954 fine

389 948 830 1044 repugnantia
873 947 1211 1039 concipere
1251 944 1448 1041 poffis
1490 975 1509 1020 z
1554 975 1732 1024 nunc
1791 953 1918 1024 hoc
1967 970 2231 1029 tantum
2291 959 2451 1033 mihi
2494 966 2695 1048 velim
2743 969 2915 1044 dicas
2954 1001 2983 1057 ,-
3031 970 3313 1070 singula.

387 1074 552 1128 mm
599 1049 906 1139 partium·
939 1042 1113 1115 estn'e
1153 1045 1367 1140 aliqua
1437 1072 1594 1121 cum
1625 1060 1776 1123 'toto
1842 1055 2184 1146 proportio
2223 1058 2270 1127 ἒ
2496 1087 2501 1092 ·
3298 1117 3311 1128 .

593 1147 716 1220 ΡοΙ.
800 1137 1148 1218 Affirmare
1206 1170 1345 1218 non
1394 1144 1655 1234 aufim3
1734 1150 2021 1240 partium
2073 1153 2251 1225 enim
2309 1180 2728 1258 unaquaeque
2771 1163 2961 1242 finita
3011 1170 3101 1245 est
3123 1220 3152 1261 ‚
3207 1194 3311 1248 to-

388 1263 546 1320 tum
614 1240 953 1318 infinitum
999 1268 1019 1311 z
1090 1241 1267 1315 nulla
1320 1243 1412 1316 est
1458 1246 1655 1340 igitur
1704 1249 2048 1342 proportio
2105 1254 2395 1343 partium
2435 1283 2589 1334 cum
2615 1281 2803 1342 toto.
2978 1341 2985 1349 ,

541 1414 548 1418 ,
592 1342 745 1418 Phil.
813 1339 1036 1431 Quid,
1071 1340 1300 1433 quaeso
1323 1392 1352 1429 ,
1403 1342 1806 1439 suntpartes
1850 1347 2100 1436 nullam
2148 1348 2461 1427 habentes
2518 1385 2673 1442 cum
2740 1380 2890 1438 toto
2940 1369 3312 1464 proportio·-

385 1466 556 1517 nem
580 1440 623 1510 Ρ
667 1442 888 1514 Immo
932 1443 1176 1533 puncta
1228 1439 1348 1514 effe
1385 1441 1534 1529 dic,
1560 1469 1698 1522 non
1739 1466 1956 1539 partes
1978 1474 2004 1528 ‚-
2034 1472 2192 1521 nam
2239 1454 2555 1549 quidquid
2596 1455 2754 1554 'pars
2801 1487 3126 1554 vocatur,
3163 1489 3317 1561 pars

395 1541 670 1614 dicitur
700 1539 996 1636 respectu
1037 1538 1248 1613 totius
1272 1589 1293 1625 ,
1330 1542 1395 1613 &
1441 1542 1577 1629 est,
1611 1543 1696 1615 de
1734 1541 2158 1637 integralibus
2182 1548 2562 1644 loquimur,
2592 1559 2773 1651 quod
2800 1562 3110 1657 ·aliquam
3132 1615 3157 1652 ‚
3202 1563 3312 1638 sed

385 1664 538 1716 non
584 1656 854 1719 omnem
880 1690 903 1727 ,
940 1640 1146 1712 totius
1201 1639 1534 1718 constituit
1578 1641 2119 1738 magnitudinem
2195 1647 2350 1741 Jam
2390 1649 2443 1724 fi
2465 1703 2491 1739 ,
2528 1673 2608 1726 ut
2650 1655 2913 1746 fateris,
2942 1688 3087 1756 pars
3115 1687 3312 1736 mun-
3438 1699 3443 1706 ·

385 1738 461 1812 di
490 1790 514 1826 ‚
562 1739 974 1833 quaecunque
1018 1737 1290 1812 demum
1337 1736 1420 1810 fit
1452 1791 1476 1828 ,
1523 1741 1773 1828 nullam
1815 1766 1968 1814 cum
2007 1761 2158 1817 toto
2196 1752 2695 1841 proportionem
2711 1783 2725 1826 κ
2738 1755 2936 1831 habet
2978 1786 3002 1840 3
3063 1760 3312 1836 nullam

385 1862 554 1910 cum
604 1855 762 1911 toto·
800 1837 1036 1909 collata
1100 1833 1374 1911 habebit
1423 1840 1945 1934 magnitudinem
1990 1891 2018 1931 ,
2100 1866 2178 1913 ac
2226 1865 2574 1941 propterea
2617 1853 2865 1928 nullam
2917 1860 3313 1953 magnitudi-

384 1962 554 2014 nem
601 1939 804 2010 totius
855 1935 1222 2008 constituet.
1801 1991 1808 1998 .

547 2031 554 2042 '
600 2037 726 2105 Pol.
797 2034 1056 2104 Mirum
1104 2028 1237 2108 hoc
1280 2031 1403 2108 tibi
1440 2035 1700 2109 videtur
1738 2037 1785 2112 ἓ
1832 2061 1918 2110 an
1949 2061 2087 2114 non
2140 2058 2312 2115 terra
2347 2041 2585 2121 dicitnr
2611 2054 2840 2144 puniti
2875 2052 3153 2129 adinstar·
3182 2052 3311 2131 effe

387 2130 698 2226 respectu
755 2130 1074 2201 coelorum
1124 2129 1162 2202 ‚⁹
2315 2157 2325 2164 ·
2724 2169 2729 2178 ·

600 2230 757 2302 Phil.
834 2231 936 2300 Ira
983 2231 1166 2304 aiunt
1188 2280 1212 2316 ‚
1260 2233 1414 2325 quia
1451 2207 1706 2308 ‘nullam
1752 2235 1892 2327 ejus
1934 2225 2229 2331 respedtu'
2267 2229 2790 2339 magnitudinem
2830 2248 3033 2326 habet
3050 2250 3307 2327 sensibi-

385 2330 532 2403 lem
588 2356 609 2399 ε
665 2351 893 2399 revera
938 2329 1112 2397 enim
1152 2333 1378 2403 omnia
1416 2335 1564 2404 haec
1614 2358 1885 2427 corpora
1927 2332 2119 2409 finita
2168 2338 2321 2412 sunt
2354 2392 2380 2430 ‚
2432 2343 2710 2440 coelique
2770 2373 3052 2438 omnes,
3106 2376 3313 2444 quan.

386 2431 712 2522 ticunque
764 2421 912 2496 sunt
954 2471 980 2511 ‚
1035 2421 1302 2500 finitum
1352 2427 1601 2503 habent
1648 2455 2001 2505 numerum
2053 2440 2346 2528 partium
2399 2460 2739 2516 tantarum
2758 2487 2788 2532 ·,
2840 2466 3095 2540 quanta
3123 2450 3313 2523 tellus

388 2526 504 2602 est,
635 2523 763 2599 Sed
822 2519 874 2594 fi
925 2524 1210 2597 mundus
1258 2522 1560 2601 infinitus.
1593 2528 1685 2601 est
1726 2580 1751 2617 ‚
1797 2555 2210 2629 quaecunque
2261 2541 2596 2629 partium,
2645 2565 3150 2640 quantacunque
3201 2548 3315 2619 dez

388 2651 586 2700 mum
616 2622 698 2696 fit
721 2673 746 2711 ‚
802 2645 938 2694 non
979 2623 1187 2697 modo
1217 2649 1356 2700 non
1381 2625 1584 2701 habet
1608 2630 2128 2725 magnitudinem
2168 2631 2533 2711 sensibilem
2583 2638 2879 2733 respectu
2921 2645 3126 2716 totius
3148 2696 3172 2732 ‚
3200 2670 3315 2718 νε.

394 2751 547 2799 rum
596 2723 846 2795 nullam
895 2721 1086 2813 plane
1149 2724 1192 2794 i.
1240 2748 1297 2794 e.
1349 2726 1597 2798 nullam
1661 2730 1867 2799 totius
1908 2730 2338 2819 mgnitudinis
2398 2755 2666 2828 ‘partem
2720 2737 3089 2827 constituit,
3156 2761 3312 2839 quae

401 2826 654 2919 penitus
698 2820 852 2893 sunt
907 2813 1234 2894 ἐσύςοιτα.
1337 2822 1612 2916 Hacque
1656 2825 1909 2895 ratione
1958 2821 2104 2897 fieri
2143 2829 2371 2920 nequit
2396 2879 2421 2917 ,
2466 2851 2545 2906 ut
2586 2853 2844 2926 partem
2877 2843 3107 2915 mundi
3157 2869 3310 2917 con-
3384 2886 3387 2889 ‡

401 2926 733 3017 cipiamus.
872 2916 1080 3007 Qod
1121 2914 1174 2987 fi
1217 2920 1390 2995 enim
1431 2922 1642 2993 multa
1688 2920 2064 3013 myriadum
2108 2925 2310 2998 millia
2362 2932 2698 3005 vorticum
2746 2938 2977 3012 mundi
3037 2944 3311 3035 conjura-⁹

401 3046 699 3117 geremus
723 3071 746 3107 ‚
792 3036 1067 3107 eamque
1109 3019 1628 3111 magnitudinem
1669 3043 1948 3094 numero
1984 3021 2204 3117 aliquo
2249 3027 2673 3124 prodigios03
2722 3035 2789 3107 &
2832 3062 3031 3133 quem
3072 3066 3155 3134 pa
3207 3043 3222 3059 ⁹
3346 3080 3361 3101 .

404 3124 555 3193 haec
583 3127 732 3194 'non
783 3131 1041 3208 caperet
1067 3162 1092 3209 2
1158 3116 1737 3211 multiplicaremus
1758 3170 1782 3207 ‚
1827 3119 2124 3214 hancque
2192 3126 2807 3221 multiplicationem
2866 3139 3090 3211 multis
3136 3064 3313 3209 ἐξιῇ-

410 3218 635 3290 lorum
683 3210 1081 3307 myriadibus
1138 3215 1721 3297 continuaremus3
1779 3221 2166 3312 magnitudo
2220 3224 2372 3295 inde
2426 3250 2748 3322 exurgens
2798 3235 3127 3305 mundum
3173 3256 3316 3307 non

403 3313 614 3391 modo
649 3340 799 3387 non
846 3311 1221 3407 superaret,
1267 3312 1375 3384 sed
1405 3339 1490 3386 ne
1511 3333 1805 3408 aequaret
1827 3315 2138 3409 quidem:
2185 3322 2343 3412 quid
2368 3323 2515 3400 dico
2565 3346 2860 3419 aequaret
2883 3337 2918 3396 ἕ
2977 3329 3090 3402 Ne
3117 3330 3314 3401 mini-

402 3440 520 3488 ma
567 3414 830 3511 quidem
868 3434 1014 3505 pars
1063 3406 1202 3499 ejus
1247 3406 1449 3483 effeta
1502 3411 1765 3505 ejusque
1820 3437 1959 3484 non
2005 3414 2220 3503 major
2241 3414 2245 3419 ’
2268 3413 2417 3488 effet
2463 3444 2617 3492 cum
2664 3425 2918 3497 mundo
2968 3426 3315 3520 proportio

402 3528 1127 3610 quam·'100000000.
1167 3533 1314 3601 pars
1357 3508 1567 3581 dentis
1633 3508 1963 3602 pediculi,
2033 3528 2151 3581 aut
2195 3510 2245 3582 fi
2324 3508 2589 3607 aliquod
2638 3517 2814 3591 aliud
2854 3523 3314 3600 animalculum

401 3614 566 3701 gstff
615 3611 796 3706 quod
826 3605 1235 3703 pediculum,
1283 3606 1551 3703 perinde
1593 3624 1673 3679 ut
1729 3606 2060 3700 pediculus
2104 3608 2467 3700 hominem,
2504 3612 2779 3689 infestat·
2846 3620 3071 3696 Immo
3099 3629 3313 3698 omnis

401 3714 509 3785 illa
537 3705 849 3794 -extenfio
882 3733 974 3801 pu
1026 3707 1209 3776 &um
1254 3700 1403 3777 effet
1425 3756 1451 3794 ‚
1499 3707 1748 3778 nullam
1806 3703 2052 3777 habens
2107 3732 2260 3781 cum
2297 3727 2447 3783 toto
2489 3718 3038 3810 proportionem,
3068 3725 3316 3797 nullam

399 3809 946 3905 magnitudinem.
1015 3803 1128 3875 Tu
1172 3804 1368 3897 igitur
1406 3804 1641 3878 videris
1665 3855 1689 3891 ‚
1754 3799 1804 3874 fi
1853 3804 2178 3879 mundum
2222 3804 2559 3884 infinitum
2613 3811 2836 3888 statuis
2861 3868 2887 3904 ,
2942 3844 3077 3914 quo
3120 3827 3315 3917 patsto

397 3930 622 4006 partes
674 3908 811 4000 ejus
858 3901 1135 3995 reperire
1173 3894 1389 3993 poffis'.
1478 3901 1732 3976 Verum
1762 3953 1784 3989 ,
1827 3898 1876 3974 fi
1906 3904 2050 3976 haec
2093 3906 2261 3983 inter
2299 3928 2517 4001 partes
2565 3912 2632 3984 &
2692 3919 2937 4007 punita
2986 3918 3317 4002 distinctio,

399 4007 690 4081 nimium
731 4002 990 4075 subtilis
1033 3995 1226 4072 vobis
1264 4000 1555 4075 videtur,
1607 4002 1959 4075 concedam
2009 4004 2265 4079 mundo
2310 4029 2547 4099 partes.
2656 4011 2859 4088 Dabo
2901 4017 3097 4091 etiam
3118 4070 3146 4108 ‚
3177 4020 3318 4115 pul,

398 4105 726 4179 visculum
762 4105 939 4174 hunc
960 4150 985 4186 ‚
1045 4116 1245 4191 quem
1289 4100 1410 4205 Vix,
1443 4095 1584 4172 visu
1624 4101 2012 4193 percipimus
2034 4153 2059 4190 ‚
2096 4120 2354 4198 partem
2397 4104 2538 4182 effe.
2659 4110 3007 4210 Numquid
3040 4120 3319 4212 amplius

397 4207 502 4278 vis
556 4200 830 4275 Daedale
865 4199 901 4279 ἲ
1151 4203 1155 4206 “
1245 4210 1250 4215 ’
1629 4204 1634 4207 ’
3040 4242 3044 4247 ·

537 4354 548 4361 ,
610 4295 796 4373 Daed.
885 4294 1069 4383 Quid
1119 4293 1189 4366 ni
1236 4289 1387 4367 effer
1426 4292 1462 4366 ‚9
1508 4313 1625 4367 aut
1679 4295 1855 4367 enim
1912 4295 2019 4369 hic
2063 4297 2464 4391 pulvisculus
2487 4303 2655 4397 'pars
2704 4305 2795 4380 est
2821 4355 2852 4397 ‚
2909 4328 3027 4383 aut
3073 4311 3324 4387 nullam

400 4395 614 4472 habet
661 4396 968 4469 mundus.
1209 4410 1215 4416 '
2691 4452 2697 4461 ·

610 4496 765 4568 Phil.
833 4492 959 4567 Sed
1011 4490 1212 4585 pofl'et
1245 4492 1348 4567 ille
1374 4545 1417 4583 „
1438 4509 1743 4566 manente
1796 4492 1922 4566 hoc
1961 4494 2217 4568 mundo
2252 4541 2297 4582 ‚.
2332 4495 2402 4569 in
2437 4498 2731 4577 nihilum*
2765 4497 2989 4575 abire·
3045 4504 3185 4579 Fac
3218 4505 3338 4598 igi-

608 4590 987 4689 Werenftllii
1037 4592 1330 4685 opuscula
1379 4595 1579 4667 Tom.
1632 4591 1739 4663 ΙΙ.
2242 4696 2249 4701 Ι
2528 4598 2597 4685 T
3174 4614 3287 4681 tur
3311 4646 3343 4687 ,
