4188 5670
1500 279 1560 361 F
1603 273 1654 363 ὁ
1706 276 1760 362 n'
1803 279 1855 363 12²
1904 251 2110 392 ign}
2144 288 2208 370 si
3137 283 3278 404 42'3
3319 335 3332 350 .

393 473 681 550 indolem
708 467 1175 546 animadvertit
1204 517 1224 547 ‚
1254 467 1408 562 'quae
1456 468 1527 542 in
1552 469 1780 563 paucis
1803 470 2153 543 hominum
2185 490 2326 545 tam
2362 493 2632 549 mature
2664 473 2795 550 sese
2835 481 3315 575 prodiderunt3

383 597 664 648 ‚omnem
692 571 1166 660 solicitudinem
1210 567 1289 637 ad
1328 570 1474 640 haec
1497 566 1708 662 probe
1760 569 2115 642 excolenda
2159 576 2509 648 convertit.
2572 575 2844 649 Nemini
2875 582 3049 653 enim
3098 585 3318 657 notius

392 670 608 746 fixerat
632 722 656 757 ,
688 687 1015 765 quantum
1043 665 1124 754 fit
1148 669 1215 739 in
1244 664 1611 739 liberorum*
1638 668 2023 742 educatione
2054 667 2726 767 politum,quamque
2747 674 2963 749 sancte
2985 678 3045 750 se
3068 682 3151 753 ad
3166 706 3318 755 eam

387 771 701 942 ¹lfarentes
752 767 1161 862 obstringant
1189 815 1213 856 ,
1248 787 1405 838 cum
1442 766 1518 837 in
1546 768 1607 843 S.
1643 762 1978 862 Baptismo
2002 767 2248 844 liberos
2296 771 2491 847 ΠΕΟ
2530 774 2596 846 &
2637 773 2973 849 ⁴Servatori
3001 775 3126 852 suo
3162 773 3315 853 ebn-

417 885 656 942 corant·

585 1026 811 1121 Hujus
842 1049 1000 1099 vere
1032 1043 1177 1098 tam
1206 1018 1564 1098 neceffariae
1592 1033 1823 1109 curae',
1857 1040 2110 1118 partem
2137 1023 2388 1097 idoneis
2407 1022 2731 1122 magistris
2754 1025 3075 1120 delegavit
3110 1075 3132 1109 ‚
3168 1050 3313 1118 par-

391 1143 533 1198 tem
556 1128 626 1199 ‘&
648 1125 917 1220 quidem
955 1125 1354 1218 praecipuam
1384 1119 1514 1215 ipse
1546 1120 1862 1216 suscepit,
1902 1143 1979 1194 ut
2016 1147 2154 1198 non
2177 1122 2383 1196 modo
2423 1128 2770 1197 memoriae
2824 1125 3077 1223 pueruli
3101 1121 3314 1197 Chris-

389 1223 594 1296 tianae
627 1223 967 1318 religionis
988 1222 1310 1296 elementa
1347 1217 1771 1313 infigerentur
1794 1272 1817 1306 ,
1849 1218 1956 1293 sed
1982 1222 2287 1314 inprimis
2335 1247 2493 1295 vera
2526 1226 2733 1318 pietas
2773 1276 2797 1311 ,
2827 1226 2896 1296 *in
2938 1242 3071 1317 qua
3100 1224 3338 1294 omnis

380 1321 589 1415 -hujus
621 1323 946 1417 religionis
990 1323 1089 1394 vis
1114 1316 1324 1414 polita
1360 1317 1473 1405 est,
1506 1319 1751 1391 tenello
1782 1320 1923 1412 ejus
1961 1322 2215 1413 pestori
2244 1320 2674 1395 instillarem.
2779 1318 3315 1396 Efficaciffimum

392 1420 481 1493 ad
510 1422 822 1514 praeclara
851 1421 1104 1515 quaevis
1127 1418 1380 1496 Nostro
1412 1417 1614 1489 calcar
1651 1415 1961 1506 fuerunt,
1990 1422 2056 1490 ἃ
2082 1437 2269 1512 parta
2301 1420 2337 1490 a
2379 1417 2740 1513 majoribus
2770 1420 2973 1514 gloria
2995 1470 3019 1507 ‚
3053 1423 3118 1507 ᾇ
3158 1422 3314 1490 viva

397 1521 702 1613 exempla
721 1570 747 1606 ‚
776 1521 847 1593 ei
871 1519 1165 1613 quotidie
1200 1537 1353 1592 ante
1406 1517 1633 1590 oculos
1664 1513 1875 1611 pofita
1901 1568 1924 1603 ,
1952 1541 2112 1590 cum
2139 1525 2342 1591 Patris
2383 1536 2543 1592 tum.
2574 1521 3023 1596 Avinculorum
3070 1548 3091 1587 .·
3126 1516 3345 1590 liceat.

392 1617 557 1690 mihi
584 1621 678 1693 ita
703 1619 1023 1713 appellare
1054 1613 1481 1690 venerabiles
1530 1614 1763 1701 Viros,
1807 1616 1919 1708 qui
1950 1614 2212 1689 duabus
2241 1595 2555 1689 Doftoffs
2606 1613 2931 1691 Buxtorfii
2982 1614 3315 1706 sororibus

390 1718 827 1790 matrimonio
889 1717 1096 1808 jurasti
1132 1715 1392 1788 fuerant
1410 1765 1436 1800 ,
1489 1713 1857 1786 Theodorum
1885 1721 2310 1811 Zvvingermn
2351 1764 2375 1801 ‚
2429 1741 2538 1787 ma
2587 1741 2746 1788 num
2799 1715 2982 1786 illum
3010 1710 3346 1789 Ecclefiae.

390 1813 638 1890 nostrae
661 1814 1031 1888 Antistitem
1055 1867 1079 1902 ,
1120 1817 1186 1888 δι
1214 1814 1553 1888 Samuelem
1578 1819 1911 1909 Grynaeum
1935 1855 1953 1885 ,
1983 1813 2315 1887 Pastorem
2342 1743 2644 1887 Ecclefiae
2681 1812 3153 1886 Leonhardinae
3176 1860 3196 1891 ,
3227 1813 3314 1885 A-

394 1938 564 1988 vum
594 1938 818 1990 meum
849 1935 1220 1987 maternum
1275 1939 1306 1990 z,
1328 1936 1612 2005 quorum
1642 1909 1873 1982 laudes
1900 1913 1968 1984 ἃ
1991 1909 2264 2006 insignia
2312 1915 2382 1983 in
2407 1909 2758 1986 Ecclesiam
2791 1935 3058 2003 remque
3093 1911 3314 1984 litera-

380 2016 559 2090 siam
592 2012 828 2086 merita
849 2064 872 2099 ‚
922 2037 1077 2085 cum
1103 2007 1412 2083 celebrari
1440 2007 1732 2103 quotidie
1760 2007 2053 2097 audiret,
2080 2037 2237 2085 aron
2267 2029 2547 2106 poterat
2569 2061 2593 2098 ,
2625 2010 2939 2105 quin-hoc
2970 2008 3314 2104 generosos

386 2111 756 2188 identidem
787 2114 1073 2205 impetus
1099 2110 1171 2181 in
1193 2109 1444 2202 optima
1472 2105 2039 2181 indole-excitaret.

585 2309 752 2383 Non
773 2308 1109 2404 postrema
1120 2327 1545 2403 paternarum
1570 2327 1875 2385 curarum
1910 2301 2046 2381 'finit
2064 2355 2089 2394 ,
2109 2301 2475 2381 ‘ut'filio'lus
2510 2308 2729 2402 primo
2767 2329 3038 2402 quoque
3060 2328 3317 2400 tempo-

361 2431 474 2479 ?re
499 2408 776 2503 Linguae
806 2409 869 2482 S.
907 2409 1243 2482 elementis
1269 2406 1699 2486 imbueretur.
1780 2409 1944 2482 Non
1975 2414 2151 2479 enim
2190 2404 2539 2500 ignorabat
2568 2458 2592 2494 ,
2615 2433 2712 2480 ea
2756 2404 3338 2481 tenaciffime·me-·

374 2509 639 2589 moriae
666 2508 980 2579 inhaerere
998 2557 1021 2591 ,
1068 2508 1315 2597 quaein
1339 2509 1462 2577 hac
1490 2521 1687 2581 aetate
1712 2510 1780 2580 ei
1810 2506 2320 2598 imprimuntur:
2345 2503 2813 2599 offe-practerea
2841 2508 2910 2578 in
2940 2507 3318 2601 linguan-mn

378 2599 786 2673 -rudimentis
811 2601 1020 2674 nescio
1050 2599 1203 2695 quae
1230 2626 1462 2693 parum
1499 2606 1787 2696 jucunda
1811 2653 1837 2690 ,
1870 2601 1955 2674 ad
2002 2627 2155 2694 quae
2184 2603 2533 2675 adultiores
2553 2653 2580 2690 ‚
2609 2606 2904 2699 inprimis
2942 2603 3089 2698 post
3119 2628 3320 2676 amm-

370 2689 592 2768 'niora
613 2696 820 2770 studia
845 2696 1038 2770 semel
1065 2696 1399 2792 degustata
1425 2749 1449 2785 ,
1474 2709 1665 2795 'aegre
1689 2702 1751 2776 se
1779 2700 2185 2773 demittant:
2222 2696 2341 2771 nifi
2388 2703 2502 2795 qui
2534 2700 2706 2775 forte
2736 2704 3170 2800 reperiuntur,
3203 2701 3319 2795 qui

401 2814 520 2867 ant
550 2812 685 2869 tam
716 2795 1055 2870 excellenti
1087 2795 1239 2869 sunt
1258 2799 1694 2883 memoria,ut
1718 2802 1839 2872 hae
1865 2795 2156 2869 molestia
2181 2793 2387 2879 ‘brevi
2412 2817 2715 2892 tempore
2744 2799 3011 2897 defungi
3027 2797 3316 2896 poffint,

395 2914 514 2964 aut
539 2893 800 2967 insolito
842 2897 1137 2988 quodam
1178 2894 1446 2968 stimulo
1478 2895 1739 2970 adeam
1768 2896 2220 2972 devorandam
2256 2895 2694 2992 impellantur.

582 3088 820 3181 Neque
838 3089 948 3163 hic
976 3089 1294 3177 judicium
1331 3090 1686 3183 providum
1712 3091 1972 3164 Patrem
1995 3090 2264 3166 fefellit-2
2313 3093 2499 3186 jaffis
2522 3095 2704 3167 enim
2762 3094 3066 3190 inprima
3101 3098 3314 3190 pueri-

379 3190 481 3262 tia
505 3184 948 3269 fundamentis
972 3186 1210 3261 Noster
1240 3190 1602 3263 maximam
1635 3195 1891 3284 partem
1916 3190 2148 3265 debuit
2176 3242 2199 3277 ‚
2229 3195 2409 3285 quod
2437 3195 2531 3265 illi
2558 3193 2777 3289 postea
2794 3244 2818 3280 ,
2838 3216 2954 3287 per
2984 3194 3309 3286 reliquum

390 3289 557 3361 vitae
593 3305 857 3377 tempus
891 3282 1221 3358 Hebraica
1243 3287 1463 3380 lingua
1504 3290 1679 3361 haud
1706 3289 1922 3361 multo
1944 3292 2161 3361 minus
2188 3314 2264 3364 ac
2297 3292 2647 3364 vernacula
2698 3289 3034 3363 familiaris
3065 3292 3311 3363 extite-
3351 3352 3356 3359 .

390 3386 499 3457 rit.
554 3385 668 3464 ·Et
707 3381 974 3469 fuerunt
1005 3383 1155 3456 sane
1180 3382 1393 3478 posita
1426 3387 1494 3461 in
1526 3389 1649 3460 hac
1693 3404 1893 3485 aetate
1936 3384 2366 3463 fundamenta
2406 3390 2562 3460 talia
2587 3439 2610 3474 ‚
2659 3408 2740 3460 ut
2769 3413 2946 3481 puer
2969 3382 3351 3483 'septennis'2

391 3485 461 3554 ἃ
497 3482 793 3555 οᾶθηηὶε
823 3481 1134 3563 omnibus
1158 3482 1805 3557 admirationi-efflet:
1845 3485 2105 3577 prm-sus
2136 3534 2160 3571 ‚
2181 3504 2276 3558 'ut
2316 3487 2452 3576 jam
2499 3488 2615 3556 vix
2645 3486 2988 3578 quisquam
3025 3488 3306 3581 peregri-

370 3604 633 3653 ·norum
658 3628 685 3664 ‚
726 3604 887 3671 quos
916 3581 1100 3664 fama
1139 3583 1429 3659 Parentis
1464 3581 1784 3657 Bafileam
1818 3600 2141 3667 traxerat,
2172 3581 2380 3697 daune·
2400 3581 2706 3656 salutm-et
2730 3630 2755 3671 ‚
2793 3585 2975 3675 quin
3003 3582 3306 3659 filiolum
3441 3629 3445 3633 <

378 3702 663 3771 quoque
695 3673 869 3750 noffe
908 3683 1170 3772 cuperet
1205 3710 1230 3762 ‚-
1273 3682 1605 3775 adultique
1643 3683 1942 3753 homines
1967 3731 1992 3767 ‚
2023 3683 2069 3753 ii
2093 3678 2454 3775 ptaesel'tlm
2492 3731 2517 3768 ‚
2564 3682 2679 3773 qui
2713 3681 2996 3777 hospitio
3035 3686 3110 3756 δι
3150 3700 3333 3757 eon-²

382 3778 573 3848 vidia
613 3775 819 3847 Patris
859 3775 1212 3850 utebantur
1235 3826 1259 3862 ‚
1298 3803 1452 3851 cum
1483 3804 1563 3853 eo
1586 3778 1722 3872 jam
1751 3802 1889 3849 non
1916 3800 1995 3850 ut
2014 3788 2175 3851 ”cum
2193 3804 2406 3876 puero
2433 3830 2457 3866 ,
2486 3778 2590 3852 sed
2617 3800 2695 3854 ut
2722 3783 3304 3876 eumz-aequaliver.
3343 3768 3354 3784 ⁶

384 3872 734 3950 farentur:
784 3879 889 3946 cui
929 3876 1025 3946 rei
1046 3872 1250 3946 fidem
1303 3874 1471 3948 inter
1510 3879 1632 3950 alia
1664 3874 1825 3950 facit
1844 3875 2099 3966 albm,
2122 3897 2220 3952 m:
2260 3878 2586 3974 appellant
2633 3931 2659 3969 ‚
2706 3890 3038 3956 amicos-usn
3057 3932 3081 3969 ‚
3120 3880 3302 3978 quod

378 3974 555 4049 inter
580 3970 781 4047 libros
816 3970 966 4047 suos
1000 3971 1244 4047 Noster
1270 3969 1624 4049 affervavit.

583 4168 687 4263 Ex
708 4175 841 4244 hoc
884 4168 1271 4267 quotidiano
1305 4192 1459 4240 cum
1488 4168 1819 4243 variarum
1852 4165 2164 4266 'gentium
2183 4169 2577 4247 ‘hominibus
2602 4178 2997 4250 commercio
3031 4186 3298 4251 'Rumor-
3353 4194 3360 4199 ‘

368 4276 546 4370 flam
570 4270 861 4343 nostrum
887 4322 908 4356 ,
956 4271 1095 4362 jam
1137 4271 1207 4341 in
1239 4265 1369 4360 ipsa
1396 4268 1711 4360 pueritia,
1749 4267 2069 4343 imbibiffe
2106 4273 2296 4345 credo
2325 4273 2499 4346 illam
2527 4273 3203 4349 morum'facilitatem
3235 4279 3300 4348 Bt

394 4368 809 4454 suavitatem,
834 4367 1015 4441 illam
1043 4366 1369 4440 solertiam
1404 4417 1428 4454 ‚
1463 4365 1525 4439 se
1558 4366 1640 4438 ad
1667 4364 1985 4462 quaelibet
2015 4368 2462 4461 quorumlibet
2490 4375 2749 4466 ingenia
2792 4375 3297 4444 accommodan-

386 4468 506 4550 di,-
539 4464 777 4559 quibus
826 4466 1046 4561 postea
1094 4464 1367 4540 dotibus
1405 4463 1717 4550 omnibus
1756 4465 1830 4540 se
1870 4463 2222 4541 amabilem
2269 4470 2548 4545 reddidit
2584 4498 2602 4540 ε
2661 4494 2782 4541 nec
2818 4492 2957 4537 non
3005 4473 3070 4540 &
3109 4469 3289 4552 illam

354 4566 370 4591 ⁴
396 4566 814 4658 prudentiam
854 4616 880 4655 ,
932 4588 1087 4659 quae
1142 4566 1278 4657 jam
1305 4565 1378 4636 in
1411 4564 1809 4738 αόοΙείἑςεηεε
1856 4586 1997 4650 tam
2040 4564 2387 4661 conspicua
2423 4566 2551 4640 fuit
2596 4614 2623 4652 ‚
2667 4584 2750 4636 ut
2786 4561 3356 4726 aliquapdo'Vir„

1663 4666 1714 4737 h
1736 4667 1781 4738 h
1856 4683 1905 4745 2
2315 4711 2319 4715 -
3030 4678 3288 4729 ummus
