4188 5670
1236 354 1929 437 Exrsnmu
2018 340 2238 433 nin
2329 324 2350 387 's
2839 404 2850 415 ·
3055 358 3058 367 '
3143 332 3306 450 28⁴9*

370 549 510 632 {bii
556 533 921 648 potuerunt
983 536 1326 620 invenire}
1430 543 1583 617 Sive
1625 542 1802 615 enim
1857 538 1976 614 ista
2045 536 2195 613 casu
2241 537 2512 611 inventa
2555 524 2686 609 sint
2709 589 2733 625 ‚
2786 536 2923 614 five
2973 540 3233 635 ingenio
3257 567 3293 639 ‚3

349 670 580 731 contra
645 649 976 723 rationem
1022 641 1113 716 est
1154 642 1372 715 dicere
1402 691 1429 729 ‚
1493 638 1707 714 casum
1750 641 1865 735 qui
1916 639 2268 735 aliquando
2318 636 2627 730 contigit,
2677 639 2743 710 &
2778 640 3159 733 contingere
3207 636 3302 710 fa-

356 755 475 829 cile
523 748 739 846 potest
775 797 801 835 ‚
837 739 1113 819 infinitis
1148 759 1301 814 ante
1341 737 1566 813 seculis
1609 753 1959 834 nimquam¹
2014 732 2367 832 ‘contigiffe-
2506 738 2910 829 Quanquam
2961 739 3140 809 enim
3183 722 3304 809 dif-
3359 790 3365 799 .

354 849 613 926 ficulter
671 842 923 918 accidat
941 890 966 931 ‚
1020 860 1100 914 ut
1158 840 1302 934 quis
1359 839 1712 912 duodecim
1761 834 2013 912 tefferas
2063 836 2409 932 projiciens
2477 883 2502 920 ‚
2554 854 2698 907 non
2759 831 2881 906 nisi
2947 834 3311 911 duodecim

356 951 607 1048 pun&
659 944 856 1037 jaciat
892 969 923 1025 ,-
1009 936 1063 1011 fi
1111 960 1337 1012 tamen
1402 938 1548 1031 quis
1606 962 1721 1032 per
1774 934 2070 1008 seculum
2162 938 2495 1026 integrum
2563 931 2721 1005 nihil
2769 931 2943 1004 aliud
3019 953 3237 1037 ageret
3276 985 3303 1021 ,

370 1069 588 1143 quam
638 1036 891 1115 tefferas
931 1038 1141 1129 jacere
1159 1088 1185 1125 ,
1220 1032 1503 1127 dubium
1530 1060 1685 1121 ⁴non
1728 1033 1856 1122 est,
1898 1038 2060 1129 quin
2104 1034 2173 1108 id
2215 1028 2456 1125 saepius
2504 1031 2928 1124 contingeret.
2983 1030 3109 1104 Sed
3143 1031 3305 1126 quid

370 1145 675 1221 seculum
710 1138 800 1212 est
817 1188 844 1227 ,
889 1146 1352 1233 comparatum
1402 1158 1560 1211 cum
1600 1135 2036 1208 aeternitate?
2725 1192 2736 1197 -
2793 1175 2797 1179 <

569 1288 638 1365 Si
700 1287 964 1381 ingenio
1014 1285 1365 1359 hominum
1424 1283 1774 1359 inventum
1816 1284 2132 1359 tribuitur
2174 1335 2199 1371 ,
2256 1282 2459 1379 magis
2504 1276 2860 1354 absurdum
2904 1278 2996 1354 est
3048 1278 3306 1371 dicere',

364 1391 671 1464 homines
728 1384 1236 1458 innumerabiles
1294 1408 1434 1457 non
1484 1385 1778 1458 invenire
1826 1381 2101 1478 potuiffe
2126 1434 2152 1472 ‚
2204 1383 2383 1475 quod
2444 1382 2709 1471 ingenio
2775 1383 3071 1454 humano
3131 1383 3310 1454 inve-

364 1492 495 1564 niri
545 1483 757 1583 potest
778 1512 809 1572 ’,
856 1506 1019 1556 cum·
1064 1504 1297 1557 tamen
1349 1479 1701 1575 habuerint
1767 1479 2055 1576 spacium
2112 1478 2528 1554 infinitorum
2606 1476 2971 1551 seculorum
3007 1512 3043 1566 -,
3091 1480 3171 1551 de
3227 1504 3310 1551 eo

369 1584 750 1682 cogitandi,
795 1606 872 1654 ut
914 1608 982 1654 v.
1028 1608 1092 1677 g.
1133 1578 1493 1654 absurdum
1542 1580 1633 1653 est
1661 1582 1871 1654 dicere
1892 1628 1914 1661 ‚
1967 1581 2304 1675 ingenium
2351 1578 2657 1651 omnium
2710 1581 3055 1650 hominum
3082 1628 3108 1666 ‚
3160 1577 3312 1651 inde

371 1684 464 1762 ab
481 1684 670 1760 'omni
713 1681 1080 1757 aeternitate
1110 1729 1138 1767 ‚
1191 1704 1332 1751 non
1387 1675 1668 1771 potuiffe
1708 1681 2003 1755 invenire
2055 1698 2267 1751 artem
2297 1676 2858 1771 typographicam.
3275 1704 3284 1711 ·

567 1830 752 1905 Nihil
793 1850 1020 1905 contra
1057 1833 1187 1904 hoc
1231 1846 1703 1926 argumentum
1752 1826 1971 1909 aflet-ri
1997 1830 2212 1928 potest
2253 1880 2277 1917 ,
2329 1850 2530 1922 quam
2561 1854 2588 1910 ,·
2636 1826 2782 1898 haec
2850 1831 3106 1919 omnia,
3159 1833 3314 1927 quae

373 1929 573 2007 nobis
622 1934 891 2002 inventa
950 1932 1236 2005 recentia
1279 1930 1589 2002 videntur
1614 1980 1638 2017 ,
1680 1932 1833 2002 talia
1876 1957 2017 2005 non
2089 1927 2209 2004 effe
2234 1979 2258 2016 ‚
2306 1924 2413 1999 sed
2468 1926 2605 2017 jam
2657 1923 2818 1996 olim
2869 1923 3048 2000 fuiffe
3102 1929 3316 2002 homi-

377 2032 583 2104 nibus
626 2030 940 2121 cogn‘ta3
974 2027 1211 2100 deinde
1274 2028 1514 2100 iterum
1561 2027 1898 2104 oblivione
1950 2031 2164 2104 deleta
2232 2057 2249 2100 τ
2307 2026 2411 2098 Ita
2457 2044 2536 2096 ut
2583 2021 2776 2095 nobis
2815 2074 2840 2112 ‚
2889 2027 3006 2118 qui
3055 2027 3315 2103 historia

339 2151 343 2155 ·
381 2151 621 2201 rerum
650 2126 1081 2220 antiquatum
1115 2149 1414 2199 caremus
1434 2178 1457 2215 ,
1509 2129 1795 2201 recentia·
1842 2128 2229 2208 videanturs
2265 2124 2336 2196 id
2376 2122 2559 2218 quod
2597 2118 2739 2194 fieti
2787 2127 3109 2217 potuerit,
3123 2150 3321 2222 Prop-

388 2249 490 2297 ter
523 2222 954 2317 migrationes
989 2224 1403 2318 populorum
1462 2246 1546 2298 ex
1605 2252 1741 2299 una
1784 2229 2059 2323 regione
2108 2229 2181 2300 in
2224 2223 2426 2299 aliam
2452 2269 2475 2308 ‚
2532 2242 2654 2294 aut
2706 2219 2800 2292 ob
2849 2217 3020 2294 bena
3057 2273 3083 2312 ,
3128 2246 3315 2301 mot.

384 2322 553 2411 bos,
599 2320 938 2410 incendia,
976 2322 1222 2396 diluvia
1245 2373 1279 2413 ,Α
1312 2325 1381 2395 &
1408 2320 1652 2397 similes
1688 2329 1916 2403 clades.
3001 2350 3007 2355 ·
3285 2346 3296 2355 ’

620 2456 886 2532 Verum
929 2458 1012 2531 ad
1060 2461 1252 2537 istam
1301 2462 1754 2557 objectionem
1807 2463 2279 2563 respondemus
2295 2496 2318 2550 3
2365 2469 2607 2546 talibus
2673 2474 2867 2551 hodie
2910 2476 3152 2555 orbem
3194 2492 3323 2545 ter--

388 2572 622 2629 rarum
664 2559 962 2648 undique
992 2563 1325 2653 repletum
1377 2561 1496 2634 effe
1537 2565 1820 2637 inventis
1849 2615 1872 2650 ‚
1928 2588 2007 2639 ut
2042 2567 2298 2660 concipi
2337 2589 2683 2665 nequeat,
2759 2576 3110 2667 quomodo
3168 2593 3324 2644 tan-

387 2658 556 2728 dem
604 2653 669 2722 &
727 2655 966 2746 quibus
997 2657 1284 2729 cladibus
1304 2710 1337 2746 ‚
1388 2662 1703 2733 omnium
1747 2664 2000 2736 horum
2043 2665 2378 2738 memoria
2426 2665 2625 2760 poffit
2678 2669 3012 2745 obliterari
3044 2702 3065 2753 3
3095 2680 3180 2744 ex
3207 2676 3320 2769 gr.

401 2751 710 2827 inventio
755 2751 1101 2823 literarum
1135 2803 1160 2839 ,
1208 2758 1358 2826 artis
1413 2759 1912 2850 typographicae
1961 2810 1986 2847 ,
2027 2761 2183 2833 artis
2226 2765 2577 2859 navigandi
2620 2816 2646 2855 ‚
2692 2770 2951 2861 pyxidis
2992 2770 3271 2843 nautioee
3295 2794 3323 2850 5

389 2872 555 2944 quae
602 2845 672 2916 in
722 2848 1047 2920 omnibus
1092 2848 1271 2923 orbis
1312 2849 1610 2948 partibus
1667 2851 1867 2928 fimul
1915 2858 2115 2932 hodie
2156 2852 2598 2958 usurpanturs
2642 2868 2711 2938 in
2775 2887 2948 2942 terra
2997 2872 3331 2944 eontinen-

387 2971 510 3033 te,
546 2943 615 3015 in
657 2944 922 3034 insulis,
966 2945 1037 3017 in
1084 2951 1299 3043 aquis„
2663 2981 2690 2997 ·

593 3085 874 3163 Ac-sane
928 3084 979 3160 fi
1025 3090 1520 3169 consideramus
1547 3138 1570 3185 5
1612 3098 1821 3189 qualis
1867 3083 2077 3174 Hodie·
2117 3100 2197 3177 fit
2255 3099 2438 3176 orbis
2478 3099 2606 3178 iste‘
2652 3121 3056 3202 terrarum‘,
3120 3131 3331 3204 quem

389 3180 787 3259 habitamus
818 3239 841 3274 ,
881 3192 1133 3283 concipi
1180 3191 1439 3284 prorsus
1477 3200 1711 3290 nequit
1738 3252 1761 3284 ‚
1820 3203 1940 3294 qua
1970 3200 2114 3274 fieri
2159 3200 2365 3298 poss‘et
2392 3254 2422 3289 ,
2456 3219 2533 3273 ut
2586 3197 2816 3276 omnia
2863 3193 3329 3297 histoffarum',

394 3283 654 3357 artium
683 3335 707 3372 ‚
750 3283 1171 3358 scientiarum
1219 3309 1671 3365 monumenta
1725 3298 1820 3369 ita
1868 3296 2374 3373 obliterarentur
2420 3349 2445 3387 ‚
2492 3318 2572 3372 ut
2646 3319 2728 3373 ne
2784 3299 3156 3395 vestigium'
3195 3309 3338 3401 qusa-

400 3379 571 3456 dem
617 3388 866 3457 horum
913 3388 1232 3458 omnium
1276 3387 1639 3481 supet-efflet.-

1828 3019 1861 3028 ἡ

604 3535 806 3628 Finge
846 3535 1097 3607 cladem
1143 3536 1439 3630 aliquam
1495 3535 1925 3630 quantumvis
1982 3540 2370 3633 generalem.
2496 3530 2628 3616 Fac
2679 3540 3000 3616 diluvium
3041 3542 3222 3623 *fiffl‘e
3262 3569 3337 3616 un·

397 3631 742 3710 niversale.
847 3636 1008 3722 Quo
1064 3634 1269 3706 modo
1318 3659 1435 3728 per
1497 3636 1564 3708 id
1622 3655 1847 3708 totum
1898 3657 2106 3730 genus
2153 3638 2528 3736 humanum
2550 3690 2573 3724 ‚
2615 3639 2882 3713 duobus
2928 3657 3183 3719 tamum
3223 3657 3344 3720 aut

401 3732 633 3829 paucis
687 3727 1069 3803 hominibus
1129 3756 1287 3804 exce
1337 3733 1459 3824 tis,
1512 3731 1821 3827 potuiffet
1876 3735 2221 3830 extingui3
2267 3757 2424 3814 cum
2471 3737 2670 3812 hodie
2709 3741 3054 3831 Oceania,
3107 3743 3342 3830 marie,

408 3836 640 3918 laem,
674 3827 864 3901 fluvii
886 3875 910 3915 ‚
940 3760 1443 3903 innumerabiles
1495 3833 1875 3908 contineant
1923 3858 2150 3908 naves.
2184 3886 2208 3924 ,
2252 3838 2334 3910 ad
2388 3838 2831 3913 maximarum
2881 3843 3347 3937 tempestatum

409 3935 570 4006 vim
623 3925 1057 4032 sustinendam
1101 3948 1492 4024 praeparatas
1530 3980 1553 4016 ,
1655 3929 1965 4005 omnibus
2007 3931 2208 4007 rebus
2277 3936 2364 4009 ad
2415 3936 2622 4010 vitam
2682 3938 3034 4016 neceffariis
3085 3937 3349 4016 abunde
3397 3964 3401 3969 ·

408 4015 803 4114 inPtru‘d‘tas²
850 4026 922 4098 in
945 4011 1203 4120 'quibus
1225 4076 1251 4113 ,
1281 4027 1459 4099 haud
1500 4026 1674 4102 secus
1712 4055 1790 4102 ac
1838 4032 1909 4102 in
1966 4036 2383 4120 continente,
2418 4037 2827 4130 reperiuntur
2859 4043 3083 4114 onrrria
3115 4053 3352 4113 monu-
3473 4023 3494 4029 ’

414 4147 653 4201 menta
704 4123 1006 4197 historica
1056 4173 1082 4210 ,
1127 4120 1278 4198 libri
1329 4125 1545 4198 omnis
1600 4129 1849 4221 generis
1893 4178 1916 4215 ‚
1970 4130 2250 4225 integrae
2307 4125 2442 4206 fere
2511 4129 2935 4211 Bibliothecae
2975 4190 2999 4227 ,
3056 4140 3141 4228 ho
3219 4139 3234 4155 “
3285 4158 3352 4212 es

429 4226 740 4298 omnium
786 4223 1195 4297 scientiarum
1214 4273 1241 4312 ‚
1294 4223 1723 4317 linguarum,
1774 4222 2182 4301 historiarum
2210 4281 2235 4316 ,
2289 4231 2533 4303 artium
2591 4255 2744 4305 cum
2793 4160 3354 4330 liberaliammffin

430 4322 960 4396 mechanicarum
1015 4323 1223 4415 periti.
1345 4322 1564 4411 Qale
1631 4322 1953 4396 diluvium
1998 4326 2145 4400 haec
2182 4329 2405 4401 omnia
2461 4327 2753 4402 funditus
2806 4333 3016 4404 delere
3035 4383 3059 4418 ,
3123 4321 3188 4400 ἃ
3238 4331 3338 4401 ita*

422 4421 641 4494 delere
686 4412 897 4514 posset
920 4471 943 4508 ,
986 4438 1072 4492 ut
1110 4443 1197 4492 ne
1246 4425 1569 4495 memoria
1618 4422 1932 4517 quidem,
1962 4448 2100 4497 non
2134 4425 2345 4499 dicam
2385 4427 2628 4498 horum
2681 4430 2981 4497 omnium
3026 4475 3051 4511 ,
3089 4421 3202 4494 sed'
3246 4447 3342 4498 ne·

424 4513 912 4613 praecipuarum
963 4517 1228 4611 quidem
1273 4523 1510 4594 artium
1536 4570 1567 4607 ,
1610 4516 2092 4616 hominumque
2129 4527 2348 4620 generi
2389 4526 2690 4595 maxime
2713 4523 2968 4591 utilium
3003 4515 3340 4626 construa-

428 4614 674 4691 retur?
753 4618 967 4707 Qale
1021 4616 1351 4692 diluvium
1376 4668 1408 4708 r
1443 4643 1674 4694 omnes
1725 4620 2061 4695 columnas
2090 4672 2116 4708 ‚
2169 4622 2408 4695 statuas
2433 4671 2455 4706 ,
2487 4621 2767 4708 ligneas,
2813 4615 3130 4705 lapideas»
3170 4623 3343 4681 mar-¹

1394 4751 1403 4760 .
2001 4722 2075 4793 O
2119 4743 2161 4793 0
2238 4741 2287 4808 3
3093 4724 3352 4781 moseass
