4188 5670
108 468 147 487 wa·

108 498 143 511 bu,

1182 242 2354 346 Pnor1TaN1-1um.
3099 252 3236 341 2411

375 434 443 507 lis
487 426 649 503 Bene
680 421 818 498 effe.
940 425 1261 498 Praeterea
1308 443 1467 493 cum
1504 423 1649 497 haec
1696 420 2118 496 incommoda
2163 450 2300 498 non
2350 425 2566 503 statim
2596 476 2621 515 ‚
2666 428 2772 500 {ed
2805 422 3017 519 'longo
3061 427 3262 500 inter-r

373 531 531 603 vallo
577 524 853 598 crimina
890 520 1237 616 sequantur
1263 568 1286 604 ‚
1328 543 1466 591 non
1519 518 1635 592 nifi
1670 523 2017 616 prudentes
2063 544 2358 609 terrent,
2407 531 2520 617 qui
2575 551 2649 598 ea
2702 524 3060 615 praevidere
3111 523 3252 619 pos-

368 626 546 704 sunt,
589 627 656 695 &
686 619 1049 715 praevident
1073 669 1094 703 ‚
1146 616 1261 709 qui
1298 615 1444 688 sane
1468 615 1617 690 sunt
1640 616 2058 712 pauciffimi3
2116 619 2404 714 plerique
2449 630 2625 696 enim
2672 622 2736 690 in
2785 621 3085 692 futurum
3117 649 3253 694 non

367 722 751 819 prospiciunt
776 770 801 806 ,
844 716 950 789 sed
991 734 1251 790 tantum
1278 765 1302 802 ‚
1353 740 1505 808 quae
1552 738 1705 789 ante
1741 717 1935 810 pedes
1978 717 2127 788 sunt
2151 767 2175 804 ‚
2211 722 2455 792 vident.
2550 725 2764 813 Atque
2794 719 2880 789 illi
2926 716 3079 811 ipsi,
3140 720 3254 812 qui

364 824 465 894 illa
506 820 722 910 aliquo
765 817 970 888 modo
1015 813 1392 909 praevident
1432 863 1455 898 ‚
1530 839 1671 885 non
1732 834 1954 887 tamen
1988 818 2160 886 reete
2208 822 2727 911 magnitudinem
2772 840 3001 886 eorum
3050 817 3256 885 malo-

369 941 509 991 rum
559 912 983 987 confiderant.
1059 915 1592 1004 Qantacunque
1631 912 1803 987 enim
1852 910 2024 999 sint,
2083 938 2234 986 cum
2267 941 2403 987 non
2439 918 2558 991 nisi
2605 920 2642 988 ὲ
2692 914 3054 1005 longinquo
3104 939 3300 1004 pro-—
3350 1003 3356 1009 ⁶

366 1014 746 1110 spiciuntur,
809 1012 1044 1102 exigua
1083 1009 1388 1080 videntur
1416 1058 1438 1093 ‚
1516 1034 1671 1100 quae
1736 1034 1888 1081 cnm
1940 1012 2282 1103 voluptate
2352 1039 2467 1090 aut
2503 1012 2894 1089 ‘commodo‘
2957 1008 3296 1102 praesenti.

358 1114 536 1184 nullo
578 1108 786 1181 modo
826 1105 955 1178 fint
1000 1107 1448 1199 comparanda.
1533 1110 1765 1195 Quam
1809 1107 1985 1199 saepe
2051 1112 2486 1205 intemperans
2515 1165 2537 1199 ,
2599 1105 3256 1185 cun1.-intenfiffimos

360 1208 549 1282 sentit
590 1206 844 1278 dolores
875 1255 900 1291 ,
940 1204 1104 1297 quos
1154 1208 1652 1297 intemperantia
1702 1204 2030 1276 contraxit
2056 1256 2078 1292 ‚
2107 1227 2290 1280 vota
2341 1213 2622 1304 concipit
2657 1209 2892 1280 sanc‘tae
2922 1204 3254 1300 frugalita-

356 1310 435 1378 tis
477 1310 541 1378 ἃ
574 1304 1063 1396 temperantiae,
1097 1325 1382 1394 quorum
1413 1299 1814 1374 obliviscitur
1854 1352 1877 1387 ‚
1931 1327 2130 1394 qnam
2181 1308 2467 1399 primum
2520 1310 2776 1380 dolores
2852 1306 3196 1375 remittunt
3227 1332 3258 1383 ‘r

357 1429 503 1475 cum
544 1403 851 1494 voluptas
900 1400 1179 1493 praesens
1228 1401 1377 1471 licet
1430 1401 1665 1494 exigua
1731 1400 2065 1472 hominem
2110 1401 2402 1479 sollicitat
2451 1459 2474 1494 ‚
2547 1408 2772 1479 dolore
2821 1398 3081 1473 absente
3109 1452 3134 1490 ,
3180 1403 3260 1473 li⁴

357 1524 454 1573 cet
481 1499 558 1573 fit
599 1500 931 1573 maximus
967 1550 993 1587 ,
1043 1522 1181 1570 non
1216 1513 1527 1570 movetur
1555 1501 1588 1569 ’.Ι
1646 1562 1655 1567 .
1984 1512 1991 1524 ’
2370 1502 2374 1509 ’

386 1731 391 1737 ,
470 1707 481 1716 -
539 1659 646 1730 De
697 1658 974 1731 viadiiia
1012 1662 1260 1750 privata
1289 1709 1315 1746 ‚
1368 1683 1523 1751 quae
1554 1647 1643 1729 ab
1695 1650 1772 1728 iis
1806 1706 1830 1743 ,
1880 1678 2047 1749 quos
2099 1656 2450 1743 laedimus,
2500 1659 2849 1731 metuenda
2889 1646 2976 1728 est
3010 1706 3033 1742 ,
3078 1656 3296 1731 idem*-

351 1752 708 1827 dicendum.
791 1759 960 1829 Haec
1006 1755 1099 1826 ab
1142 1759 1374 1848 injuria
1419 1753 1602 1828 alteri
1652 1754 1944 1827 facienda
1988 1754 2373 1828 absterrebit
2404 1779 2692 1828 cautum.
2728 1761 2792 1828 &·
2839 1754 3194 1848 providum
3223 1804 3255 1839 ,

324 1876 479 1937 sinon
535 1857 953 1926 temerarium
1002 1856 1069 1925 &
1108 1852 1436 1947 stupidum
1467 1904 1490 1939 ‚
1539 1854 1770 1946 quiex
1822 1846 2059 1927 affetstu
2115 1856 2338 1943 omnia
2391 1856 2575 1946 agit,
2622 1856 2774 1926 nihil
2828 1878 2926 1941 ex⁴
2953 1854 3203 1942 ratione
3227 1879 3258 1931 3

346 1946 724 2022 absterrebit
764 1952 1122 2036 timidum,
1178 1976 1316 2023 non
1355 1952 1718 2035 audacem5
1777 1945 2165 2021 absterrebit
2212 1972 2478 2023 tenuem
2539 1956 2602 2025 &
2651 1950 3086 2037 imbecillum,
3115 1974 3258 2020 non

342 2048 638 2141 validum
670 2050 750 2120 ,ἃ
787 2066 1133 2140 potentem
1169 2074 1192 2126 3
1242 2045 1623 2119 absterrebit
1670 2047 2008 2119 hominem
2043 2050 2272 2142 quietis
2297 2053 2360 2121 ἃ
2385 2052 2858 2144 tranquillitatis
2891 2066 3249 2120 amantem,
3354 2126 3361 2133 ,

337 2166 477 2223 non
522 2142 894 2239 inquietum
952 2146 1019 2217 &
1058 2170 1258 2231 eum,
1296 2148 1409 2238 qui
1458 2142 1670 2216 turbis
1717 2144 1956 2224 alitur3
2011 2170 2147 2220 non
2201 2145 2484 2221 ferocem
2534 2169 2652 2222 aut
2692 2149 3040 2236 callidum,
3090 2171 3256 2238 quoae

344 2258 487 2309 tum
541 2243 651 2313 ille
706 2241 953 2315 vitibus
1005 2230 1133 2316 fixis
1172 2241 1445 2317 confidit
1487 2293 1513 2329 ‚
1563 2244 1669 2316 hic
1714 2242 2035 2316 versutiaeae
2435 2252 2446 2259 ”
2647 2266 2652 2271 ·

524 2394 806 2487 Μα]οι·ἰε’
858 2398 961 2471 hic
999 2397 1090 2471 est
1137 2395 1446 2474 efficaciae
1489 2391 1768 2483 vincli&
1808 2390 2049 2495 publica
2094 2430 2130 2482 3·
2166 2404 2386 2476 Tanta
2437 2394 2613 2475 enim
2661 2387 2966 2491 Supremi
3014 2387 3257 2484 Magis*

334 2510 535 2562 tratus
603 2497 898 2585 potentia
949 2496 1039 2567 est
1063 2546 1087 2583 ‚
1134 2516 1212 2568 ut
1251 2500 1287 2567 a
1321 2502 1584 2577 nemine
1621 2496 1818 2593 poffit
1868 2503 2256 2579 contemni5
2317 2502 2381 2570 &
2427 2497 2794 2589 exempla,
2846 2519 3000 2586 quae
3046 2488 3254 2581 saepis-

334 2584 489 2659 sime
530 2587 753 2660 statuit
779 2639 801 2675 ‚
849 2617 986 2662 non
1035 2593 1294 2685 poffunt
1345 2606 1485 2667 noh
1525 2595 1833 2667 omnibus
1876 2612 2196 2667 terrorem
2238 2598 2545 2667 incutere.
2646 2592 2771 2664 Sed
2807 2592 2872 2677 Sc
2911 2591 3016 2662 hic
3046 2587 3255 2659 multa·

332 2684 681 2777 desiderari
716 2684 993 2778 poss'unt.
1064 2692 1256 2777 „Nam
1291 2714 1735 2783 praeterquam
1760 2742 1784 2777 ‚
1839 2692 2019 2782 quod
2069 2694 2215 2764 haec
2244 2717 2380 2763 non
2403 2711 2680 2763 movent
2722 2700 2834 2760 eos'
2855 2737 2880 2773 ,
2927 2685 3043 2779 qui
3067 2683 3253 2777 supra

335 2782 505 2876 leges
535 2781 690 2854 sunt
718 2833 739 2868 ,
784 2785 847 2855 ἃ
894 2786 931 2855 a
970 2789 1228 2859 nemine
1268 2790 1483 2881 puniri
1531 2786 1837 2883 poffunt3‘
1889 2785 2021 2860 five
2077 2787 2196 2861 suo
2227 2790 2421 2881 jure,
2477 2785 2612 2860 five
2643 2784 3051 2879 usurpatione
3075 2780 3256 2870 ,five‘

333 2877 735 2953 conceffionc
786 2906 1017 2976 regum
1064 2887 1129 2955 Sc
1172 2886 1545 2978 principum
1584 2933 1605 2966 ‚
1665 2889 1779 2979 qui
1822 2885 1992 2980 saepe
2044 2886 2245 2960 servis
2292 2885 2688 2980 supremam?
2716 2884 3097 2980 potestatem
3137 2907 3240 2953 re-

334 2976 631 3071 linquunt
652 3030 677 3065 ‚
706 3004 990 3072 quorum
1020 2982 1289 3056 crimina
1316 2982 1601 3056 societati
1626 2975 1780 3057 sunt
1808 2981 2333 3078 perniciosnffima
2357 3013 2380 3065 3
2415 2986 2622 3058 multa
2647 2982 2796 3055 sunt
2820 2985 2978 3055 vitia
3001 3034 3024 3069 ‚
3079 2979 3254 3072 saepe

332 3077 520 3147 etiam
555 3103 796 3172 magna
845 3081 1111 3151 crimina
1137 3133 1159 3166 ‚
1222 3080 1506 3154 societati
1558 3107 1875 3175 perquam
1919 3086 2117 3158 noxia
2142 3137 2166 3172 ‚
2199 3109 2336 3178 quo
2368 3084 2593 3177 puniri
2616 3082 2890 3176 amplius
2928 3106 3066 3152 non
3104 3073 3246 3169 pos-

335 3168 476 3244 sunt
508 3176 588 3247 ad
639 3177 879 3248 vivum
923 3174 1203 3247 resecari.
1279 3179 1594 3272 Tempori
1627 3179 1794 3273 saepe
1819 3178 2226 3253 serviendum
2249 3180 2338 3250 est
2363 3210 2387 3261 ,-
2421 3181 2629 3253 multa
2651 3182 3014 3253 tolerantur
3037 3224 3063 3262 ,
3089 3185 3260 3264 quae·

329 3292 457 3346 non
507 3272 897 3365 probantur.
1004 3275 1325 3346 Praeterea
1365 3276 1762 3369 impudentia
1791 3326 1817 3363 ‚
1846 3278 2149 3350 calliditas
2163 3313 2197 3362 ·‚
2248 3279 2583 3368 potentia,
2620 3276 2950 3370 opulentia
2976 3321 2999 3357 ,
3052 3272 3244 3342 innu-

329 3391 538 3456 meras
582 3371 786 3444 habet
828 3373 965 3444 vias
996 3425 1018 3458 ,
1072 3395 1298 3465 poenas
1352 3372 1601 3465 legibus
1650 3373 2023 3443 constitutas
2094 3371 2447 3454 eludendi,-
2492 3372 2857 3466 praesertim
2925 3364 3270 3440 atheismo.

329 3464 415 3535 ita
441 3466 895 3555 invalescente,
916 3488 994 3541 ut
1011 3495 1222 3564 neque
1256 3471 1747 3563 judicesmeqne
1766 3472 2037 3554 actores,
2067 3491 2280 3561 neque
2298 3467 2412 3553 rei,
2451 3491 2662 3559 neque
2687 3468 3112 3560 testeS,neque
3132 3464 3243 3536 ada

328 3569 563 3652 vocati,
596 3567 732 3638 ulla
779 3568 887 3638 reli
937 3570 1084 3639 ione
1114 3567 1202 3640 ab
1250 3568 1583 3660 injustitia,
1612 3569 1649 3637 a
1672 3567 2022 3639 mendaciis
2054 3617 2076 3653 ,
2107 3569 2144 3637 a
2169 3562 2512 3637 fraudibus
2542 3617 2569 3654 ‚
2607 3567 2998 3660 a'perjuriiS‚
3040 3567 3233 3635 acor-

329 3664 745 3754 ruptionibus
796 3595 1293 3739 abfierreantun
1406 3669 1567 3753 Quo
1613 3662 1744 3751 fit‘,
1790 3685 1869 3736 ut
1913 3664 2080 3758 leges
2155 3662 2371 3736 civiles
2410 3665 2475 3734 &
2527 3681 2751 3736 earum
2798 3681 3040 3758 poenae,
3099 3664 3238 3755 jam

330 3780 455 3829 non
495 3765 785 3856 amplius
824 3760 952 3833 sint
974 3764 1350 3836 metuendae
1396 3760 1878 3836 sceleratiffimis
1899 3790 1930 3847 ,-
2001 3760 2111 3836 sed
2173 3760 2724 3856 impotentiffimis
2769 3765 2835 3836 &
2904 3762 3234 3858 pauperri«

329 3856 443 3926 mis
470 3910 496 3946 ‚
553 3857 1040 3954 fimpliciffimis
1095 3865 1159 3934 ἃ
1211 3859 1639 3950 timidissimis.-

358 4097 372 4111 ·
514 4004 777 4083 -Tkomas
812 4006 1137 4096 Hobbefius
1187 3991 1409 4082 statui't‘
1424 4060 1448 4096 ‚
1498 4004 1800 4086 homines
1838 4024 1904 4089 in
1913 4013 2092 4111 statu
2118 4010 2392 4092 naturali
2436 4013 2619 4088 extra
2664 4005 2990 4085 civitatem
3034 3993 3224 4078 conf·

326 4115 546 4173 ututos
595 4113 665 4178 in
704 4123 993 4202 perpetuo
1032 4106 1180 4179 bello
1228 4107 1512 4198 versari3
1557 4125 1752 4203 atque
1800 4114 1867 4184 in
1898 4117 2026 4188 hoc
2068 4114 2244 4188 bello
2300 4113 2549 4189 cuilibet
2588 4109 2884 4212 quidlibet
2942 4108 3113 4178 licere
3159 4103 3232 4169 5²²¹

327 4202 658 4292 quemlihet.
740 4206 952 4292 Qlod
1002 4223 1174 4300 certe
1239 4201 1645 4277 veriffimum
1710 4208 1858 4282 estet
1878 4263 1902 4298 ‚
1967 4210 2015 4282 fi
2059 4214 2273 4285 nullus
2329 4210 2481 4284 effet
2529 4212 2711 4283 Deus
2750 4256 2780 4290 ‚
2860 4197 3230 4276 communis

325 4299 615 4373 omnium
649 4303 987 4375 Dominus
1018 4354 1044 4390 ,
1100 4302 1201 4374 cui
1240 4327 1466 4377 omnes
1509 4305 1803 4378 homines
1856 4307 2104 4383 ctiamfi‘
2162 4310 2461 4384 nondum
2532 4308 2601 4378 in
2650 4305 3004 4395 ‘civitatem
3070 4316 3222 4365 σοιν

326 4392 624 4471 ceffifl'ent
651 4452 676 4486 ‚
750 4397 950 4473 effent
1006 4396 1295 4494 subjecti.
1384 4399 1505 4477 Sed
1556 4415 1643 4475 ne
1697 4408 1965 4498 quidem
2018 4410 2085 4481 in
2122 4413 2300 4501 statu
2365 4406 2542 4479 civili
2601 4402 2850 4475 bellum
2904 4402 3072 4471 inter·
3138 4398 3228 4465 A·²

324 4488 500 4567 theos
538 4495 827 4573 ceffssre't·
876 4500 1103 4587 Qum
1153 4499 1327 4571 enim
1373 4505 1564 4598 pasta
1586 4582 1593 4588 ,
1618 4499 1732 4574 ista
1776 4507 1972 4580 etiam
2026 4507 2256 4599 jurata‘
2285 4502 2691 4578 securitatem
2751 4499 2913 4572 mihi
2967 4490 3229 4654 praelzae

458 4607 471 4616 ⁴
2027 4605 2103 4676 H
2146 4608 2194 4677 h
2272 4622 2312 4692 3
3025 4607 3138 4656 ren
3195 4621 3229 4665 7
