4188 5670
1580 294 2339 416 Faunum-30⁴*
2497 300 2504 309 ’
3163 328 3398 405 437¹

397 487 703 587 proloqui
753 483 1084 559 valentem
1121 509 1143 557 ε
1210 485 1513 578 Cumque
1570 482 1677 555 hic
1723 479 1922 557 illum.
1957 509 2082 579 pro
2135 481 2330 569 virili¹
2355 482 2426 554 in
2473 478 2660 577 bono
2683 489 3056 562 ¹certamine
3086 503 3131 577 ,⁴
3164 489 3312 583 jam

390 591 532 683 jam
576 574 1141 677 consummando,
1190 581 1769 666 confirmaremus,
1816 583 2085 677 ejusque
2130 582 2426 652 animam
2452 581 2688 674 junctis
2720 585 3026 683 'precibus
3055 588 3203 660 Deo
3240 590 3306 661 &

396 684 730 763 Servatori
774 681 994 756 nostro
1038 682 1698 779 commendaremust
1749 681 1918 755 inter
1985 683 2099 755 has
2157 676 2550 752 ehariffimae
2597 685 2866 757 familiae
2926 686 3306 781 nostrasque

393 810 616 882 preces
638 836 663 874 ‚
714 782 935 854 multis
977 784 1279 874 lacrymis
1332 781 1688 876 permixtas
1710 829 1733 863 ‚
1790 779 2038 873 placide
2110 779 2377 869 tandem
2440 780 2510 849 in
2568 782 2865 854 Domino
2929 787 3303 878 expiravit:

395 909 553 959 cum
606 882 868 956 oeducae
918 883 1111 972 hujus
1150 883 1215 953 &
1261 880 1550 953 mortalis
1591 877 1754 977 vitae
1804 903 2055 950 annum
2089 874 2702 971 quinquagesimum
2727 905 2982 953 nonum
3012 885 3318 955 nondum.

396 980 856 1076 compleviflet.
937 977 1096 1053 offa
1122 980 1261 1071 ejus
1289 980 1357 1050 in
1382 998 1659 1075 paterno
1672 974 1997 1070 avitoque
2028 975 2371 1068 sepulchro
2391 1027 2417 1061 ‚
2459 977 2641 1070 quod
2666 980 2734 1050 in
2761 980 3127 1053 cathedrali
3149 999 3316 1054 tem-

292 1064 527 1177 ”⁴
555 1082 892 1167 cernitur,
952 1075 1236 1173 repofita
1279 1076 1429 1149 sunt
1450 1103 1473 1157 3
1521 1075 1907 1148 concionem
1953 1072 2307 1147 funebrem
2329 1124 2355 1162 ‚
2408 1075 2726 1150 doetrinae
2765 1080 2830 1149 &
2858 1078 3316 1152 consolationis
3353 1123 3370 1153 ι

398 1182 660 1277 plenam
686 1229 712 1268 ‚
765 1180 835 1253 in
878 1172 1398 1270 frequentiffimo
1423 1173 1790 1268 lugentium
1830 1197 2041 1261 caetu,
2076 1170 2361 1245 habente
2387 1173 2782 1249 Venerando
2826 1178 3123 1251 Antistite
3168 1174 3312 1250 noi?-

398 1302 546 1359 tro:
595 1279 825 1350 melior
867 1299 1029 1349 vero
1077 1271 1307 1349 Nostri
1333 1300 1517 1369 pars,
1566 1270 1879 1345 omnibus
1926 1270 2197 1346 tandem
2239 1272 2423 1343 malis
2468 1271 2775 1348 defuncta
2800 1325 2826 1363 ‚
2877 1272 3322 1349 ineffabilibus
3437 1262 3444 1267 ²
3551 1271 3564 1287 ‘

396 1400 577 1455 nunc
616 1377 767 1451 coeli
804 1375 1043 1448 deliciis
1091 1372 1350 1448 fruitur.

591 1577 700 1650 Ita
734 1573 860 1660 est,
896 1567 1285 1648 Chariffime
1317 1565 1655 1646 Buxtorfi:
1712 1594 1847 1643 non
1885 1566 1977 1651 est
1992 1622 2018 1656 ‚
2064 1569 2245 1664 quod
2280 1589 2466 1644 tuam
2494 1565 2735 1645 sortem
2766 1571 3138 1649 defleamus.
3212 1575 3323 1647 Li-

396 1672 669 1750 beratus
712 1673 984 1747 tandem
1025 1674 1385 1768 aliquando
1411 1696 1479 1745 es
1515 1696 1599 1744 ex
1644 1670 1917 1742 vinculis
1968 1672 2258 1762 corporis
2303 1669 2600 1764 fragiliS‚¹
2631 1670 2959 1764 languidi,
3007 1675 3213 1769 aegri:
3253 1673 3328 1752 li,

397 1772 667 1849 beratus
709 1797 793 1848 ex
824 1775 1337 1865 corpore-umus,
1388 1795 1589 1865 quam
1628 1770 1766 1863 jam
1804 1768 2063 1864 pridem
2094 1788 2319 1843 tecum
2349 1767 2881 1857 circumferebam
2930 1770 3214 1845 dimissus
3254 1796 3323 1843 es

396 1898 481 1948 ex
506 1872 824 1970 ergastulo
844 1922 869 1958 ‚
917 1876 988 1944 in
1025 1897 1160 1966 quo
1202 1866 1536 1943 duriffima
1569 1872 1633 1940 &
1657 1863 2031 1963 graviffima
2063 1893 2347 1962 quaeque
2384 1865 2750 1961 patiebaris,
2848 1874 3002 1967 Jam
3061 1894 3125 1944 te
3183 1862 3322 1943 non

392 1974 676 2066 amplius
724 1972 1014 2043 cruciant
1043 1969 1472 2043 articulorum
1495 1969 1799 2040 dolorest
1851 1991 1989 2037 non
2022 1981 2087 2036 te
2118 1965 2374 2039 infestat
2395 1966 2503 2037 ilia
2524 1963 2815 2040 faucium
2839 1971 3098 2042 ariditas
3127 1989 3145 2036 z
3185 1980 3325 2041 non'

393 2091 465 2144 te
488 2088 806 2166 premunt
840 2069 1121 2162 pectoris
1163 2069 1541 2141 anxietates.
1635 2065 1793 2160 jam
1825 2062 2176 2138 dilatatum
2221 2063 2314 2137 est
2360 2089 2472 2136 cor
2504 2085 2728 2143 tuum,
2791 2069 2929 2159 jam
2987 2067 3325 2140 liberrime

395 2193 539 2244 non
581 2166 853 2242 craffum
899 2168 1079 2239 hunc
1120 2174 1339 2238 aeresn
1364 2217 1390 2254 ‚
1432 2162 1563 2239 sed·
1589 2188 1833 2259 purum
1882 2163 2218 2235 aetherem‘
2239 2161 2539 2257 respiras:
2593 2163 2738 2254 jam
2780 2168 3061 2239 extinxit
3096 2170 3325 2240 Serva-

326 2334 329 2335 ?
395 2286 509 2342 tor
550 2264 725 2340 frtim
758 2286 944 2339 tuam
960 2292 983 2336 ε
1036 2266 1175 2358 jam
1224 2263 1614 2359 restigeraris
1656 2290 1823 2362 aqua
1855 2263 1958 2334 illa
1996 2270 2250 2334 vivente
2266 2312 2291 2349 ‚
2350 2284 2555 2355 quam
2618 2259 2849 2336 bibens
2897 2291 3013 2337 non
3036 2265 3213 2354 sitiet
3257 2270 3327 2336 in

392 2386 709 2440 aternum.
743 2366 897 2460 Jam
943 2389 1078 2437 non
1104 2364 1381 2458 amplius
1413 2356 1747 2457 affligeris,
1780 2384 1903 2433 nec
1938 2362 2096 2433 mali
2124 2357 2459 2454 praesentis
2485 2356 2709 2450 sensu,
2776 2387 2896 2435 nec
2926 2363 3327 2461 imminentis

396 2483 605 2539 metu.
632 2465 787 2559 Jarn
821 2463 953 2537 tuis
968 2462 1086 2537 illis
1104 2461 1478 2554 Maioribus
1500 2462 1788 2554 januas,
1815 2460 2080 2552 junctus
2106 2455 2522 2545 chariffimis,
2545 2483 2712 2554 quos
2755 2458 3141 2555 praemifisti‚
3167 2459 3327 2534 libe-

400 2561 488 2633 ris
514 2611 540 2646 ,
587 2579 818 2655 totque
842 2562 1221 2654 propinquis
1275 2561 1605 2632 &.amicis
1655 2609 1679 2646 ,
1741 2581 2032 2651 quorum
2078 2555 2342 2630 obitum
2412 2559 2648 2629 amaris
2721 2558 3022 2651 lacrymis
3063 2585 3129 2632 es
3174 2585 3326 2652 pro-

404 2655 705 2744 secutus,
750 2661 1010 2751 junctus
1038 2658 1277 2751 angelis
1302 2662 1367 2747 ᾇ
1391 2654 1750 2742 coelitibus,
1797 2652 2028 2728 frueris
2051 2634 2205 2726 Deo
2233 2673 2355 2728 tuo
2384 2705 2409 2742 ,
2453 2656 2660 2749 iisque
2691 2654 3143 2751 voluptatibus
3186 2681 3340 2751 per--

400 2753 696 2828 funderis
717 2806 745 2848 ‚
802 2774 880 2829 ut
920 2779 1062 2853 prae
1099 2755 1180 2828 iis
1221 2756 1476 2840 terrena
1521 2756 1587 2826 &
1632 2755 1924 2826 humana
1970 2755 2198 2825 omnia
2242 2774 2642 2827 contemnas·

597 2906 701 2980 Ad
756 2936 883 2984 nos
921 2937 1091 2988 vero
1133 2913 1317 3006 quod
1356 2911 1629 3002 attinet,
1674 2911 2020 2985 Auditores
2062 2912 2366 2984 omnium
2403 2911 2712 2986 ordinum
2762 2907 3332 2996 Honoratiss'imii

398 3002 756 3082 fatendum
775 3008 866 3083 est
901 3010 967 3082 &
997 3011 1283 3104 ingenue
1314 3010 1659 3083 fatendum
1683 3046 1714 3095 φ
1749 3034 1904 3082 cum
1926 3006 2278 3083 Buxtorfio
2302 3010 2551 3085 Nostro
2583 3014 2797 3086 multa
2838 3015 2901 3085 &
2930 3009 3168 3107 magna
3205 3031 3327 3086 nos

398 3101 694 3177 amififfe.
773 3110 1074 3195 .Quoties
1127 3109 1258 3182 ah!
1301 3110 1559 3204 quoties
1605 3109 1956 3181 Academia
1977 3159 2001 3196 ‚
2049 3112 2120 3182 &
2140 3106 2424 3205 Ampliflt
2486 3113 2782 3204 inprimis
2807 3112 3000 3204 hujus
3031 3114 3285 3183 senatus
3298 3158 3338 3196 ‚‚
3425 3201 3432 3207 .

399 3199 792 3276 defiderabit
834 3205 975 3280 talis
1001 3206 1148 3278 Viri
1163 3205 1623 3280 dexteritatem
1640 3257 1665 3294 ‚
1698 3208 2116 3302 prudentiam
2144 3210 2214 3281 ἃ
2235 3211 2766 3284 moderationem
2791 3212 2837 3282 Ρ
2889 3210 3147 3304 quoties
3176 3207 3328 3279 Col-
3408 3293 3412 3297 ,

398 3301 650 3395 legium
694 3300 939 3397 &piens
958 3354 987 3391 ,
1024 3305 1209 3396 cujus
1243 3331 1356 3378 eor
1392 3303 1518 3378 fuit
1544 3308 1609 3379 &
1636 3308 1901 3393 anima,
1946 3307 2085 3397 ejus
2135 3304 2522 3380 defiderabit
2558 3309 3066 3401 experientiam,
3109 3295 3333 3379 auctoss

399 3400 661 3473 ritatem
689 3451 713 3487 ‚
762 3404 1192 3499 animumque
1232 3405 1476 3477 ordinis
1520 3407 1585 3476 &
1640 3407 1813 3498 pacis
1862 3402 2226 3476 studiosum
2249 3403 2306 3490 ἲ,
2338 3407 2594 3498 quoties
2652 3405 2932 3497 Linguae
2972 3406 3036 3477 S.
3077 3423 3338 3476 amato-·

400 3522 503 3573 res
530 3499 860 3591 requirent
889 3503 1028 3595 ejus
1058 3505 1127 3575 in
1149 3507 1277 3576 hoc
1316 3505 1653 3576 literarum
1680 3526 1915 3598 genere
1952 3502 2254 3597 peritiam
2294 3503 2360 3574 ἃ
2392 3503 2463 3575 in
2501 3500 2902 3575 instituendo
2956 3498 3337 3574 solertiam?

388 3596 661 3691 ‘quoties
703 3602 1017 3692 peregrini
1071 3604 1403 3696 requirent
1440 3604 1616 3673 hunc
1665 3599 2591 3690 nostrum'Bibliothecarium
2614 3598 2649 3669 ἲ
2705 3602 2961 3694 quoties
2991 3625 3163 3674 uxor
3192 3653 3217 3690 ‚
3261 3595 3338 3673 li-

400 3694 546 3769 beri
594 3746 616 3781 ‚
670 3694 868 3766 frater
916 3747 939 3782 ,
986 3696 1217 3772 affines
1251 3718 1276 3788 ¹,
1329 3700 1684 3794 propinqui
1722 3748 1747 3785 ,
1808 3700 2002 3770 amici
2050 3749 2076 3784 ‚
2153 3699 2353 3798 vicini
2417 3694 2753 3793 reposcent
2806 3724 3002 3794 opem
3063 3702 3201 3793 ejus
3246 3699 3340 3791 sa-

403 3797 721 3890 piensque
765 3791 1163 3868 confilium?
1216 3800 1482 3892 quoties
1529 3794 1801 3886 omnes,
1835 3792 2335 3891 quibuscunque
2360 3796 2658 3870 innotuit
2689 3848 2707 3877 ‚
2750 3801 3063 3886 maximi,
3100 3800 3338 3885 medii,

404 3889 619 3965 infimi
643 3944 666 3979 ‚
726 3892 863 3983 ejus
887 3894 1361 3968 humanitatem
1381 3948 1403 3983 ,
1438 3897 1866 3982 comitatem,
1896 3890 2380 3984 urbanitatem,
2408 3897 2547 3990 ejus
2592 3895 2746 3982 sales
2791 3901 2855 3972 &
2896 3901 3216 3990 innocuos
3250 3898 3341 3970 le·

403 4017 598 4086 potes
623 4042 647 4078 ‚
702 3992 843 4083 ejus
896 3988 1395 4065 beneficentiam
1419 4040 1440 4070 ‚
1495 4014 1933 4091 paratumque
1980 3991 2246 4092 fingulis
2288 3995 2465 4070 horis
2491 4000 2555 4072 &
2601 3998 2994 4086 momentis,
3025 3987 3337 4072 omnibus

410 4090 712 4184 juvandis
755 4092 819 4163 &
856 4090 1249 4163 delet‘tandis
1270 4141 1295 4178 ,
1346 4089 1629 4196 studium
1654 4097 1699 4168 ‚2
3089 4101 3096 4110 .
3222 4103 3228 4110 .

610 4243 735 4316 Sed
777 4246 920 4337 quis
961 4242 1054 4317 est
1085 4245 1254 4318 inter
1276 4257 1526 4326 ,omnes
1545 4295 1571 4333 ‚
1615 4247 1732 4341 qui
1781 4246 2017 4344 saepius
2042 4300 2066 4337 ,
2104 4269 2303 4346 atque
2328 4278 2453 4349 ego
2478 4302 2503 4342 ‚
2532 4251 2952 4328 Buxtorfium
2983 4276 3206 4326 meum
3234 4247 3348 4323 de-

412 4338 779 4416 fiderabit?
825 4345 1099 4429 Quanta
1126 4394 1148 4429 ‚
1180 4345 1363 4416 Deus
1400 4341 1578 4444 bone
1611 4347 1628 4417 !
1676 4367 1920 4439 quanta
1952 4351 2448 4446 ante-XVIII.
2501 4355 2747 4426 circiter
2781 4351 3026 4424 menses
3059 4350 3188 4424 fuit
3217 4350 3346 4441 jac-

422 4463 570 4513 tura
616 4457 763 4511 mea
788 4490 810 4525 ,
844 4464 993 4511 cum
1020 4442 1362 4515 Parentem
1389 4440 1571 4516 amisi
1588 4498 1611 4532 ‚
1642 4448 1706 4518 δε
1727 4447 1925 4520 talem
1951 4448 2292 4521 Parentem
2319 4452 2577 4546 qualem
2608 4477 2748 4546 ego¹
2765 4449 2970 4520 habui
2996 4447 3030 4517 ‚⁹
3092 4447 3350 4516 Verum

384 4555 393 4562 ·
431 4540 638 4610 eheu!
698 4559 978 4631 quanta,
1032 4559 1279 4632 quanta
1324 4565 1501 4614 nunc
1541 4569 1808 4639 quoque
1851 4545 1984 4635 est,
2012 4563 2192 4641 'quae
2243 4568 2381 4622 tam
2419 4571 2628 4642 parvo
2682 4549 2850 4617 hanc
2888 4542 3230 4616 intervallo
3261 4543 3354 4614 est

436 4634 781 4710 consecuta
807 4687 826 4721 ,
882 4637 1125 4722 jaaura
1179 4640 1434 4725 Amici,
1482 4643 1547 4713 &
1598 4644 1817 4719 Amici
1857 4646 2048 4738 talis,
2098 4648 2305 4741 qualis
2344 4669 2480 4722 erat
2515 4638 2956 4716 Buxtorfius?
3003 4639 3213 4714 Amici
3251 4640 3352 4727 ju-

622 4740 727 4806 W
717 4735 1002 4832 erenfiffii
1043 4736 1339 4829 opuscula
1386 4738 1583 4811 Tom.
1630 4742 1739 4814 IL
2031 4775 2049 4784 ·
2263 4739 2284 4760 ‘
2453 4742 2521 4815 K
2538 4745 2588 4813 k
2607 4744 2658 4812 k
3117 4736 3313 4807 cundi
3327 4785 3357 4826 ‚
