4188 5670
2871 264 2902 283 b

1361 276 2040 384 Exitium-ru
2153 306 2358 399 Da‘x.
2996 372 3004 392 ,
3112 294 3333 412 ²267

288 502 297 513 ’
409 492 517 575 dia
556 485 919 575 adhibeat?
976 482 1203 584 Qare
1240 510 1426 587 grata
1469 487 1741 564 sensatio
1786 491 1998 580 oritur
2043 491 2114 562 in
2158 512 2431 584 corpore
2484 510 2601 566 aut
2656 500 2875 574 votius
2932 498 2996 571 in
3055 498 3284 575 anima
3300 513 3332 592 ,'

380 615 534 674 cum
574 623 722 696 pars
771 596 917 689 ejus
965 595 1179 688 aliqua
1223 591 1473 686 placide
1512 607 1827 664 movetur
1877 593 1943 663 &
1990 588 2321 661 mulcetur
2342 617 2365 669 3
2414 586 2465 661 fi
2539 613 2763 664 motus
2815 594 2920 668 ille
2975 598 3078 670 vel
3121 603 3339 675 tantil-

378 698 521 771 lum
566 710 882 794 augetur,
930 717 1044 765 cur
1093 684 1310 764 oritur
1358 688 1613 763 dolor?
1671 687 1878 760 Nulla
1932 690 2052 759 alia
2099 686 2180 760 de
2231 685 2438 760 cauffa
2479 739 2504 775 ‚
2558 713 2762 783 quam
2844 714 2934 767 ut
2983 695 3339 775 sensatione

376 816 561 892 grata
607 820 791 868 mens
833 786 1306 865 commonefiat
1333 839 1357 875 ,
1408 785 1494 860 ab
1533 814 1665 864 una
1718 807 1910 880 parte
1936 836 1959 873 ‚
1998 806 2264 858 motum
2317 789 2611 879 corporis
2645 839 2667 874 ‚
2730 814 2866 882 quo
2919 794 3273 887 impellitur
3305 850 3333 886 ‚

368 888 437 967 'ei
484 899 763 974 noxium
816 916 953 966 non
999 887 1121 961 effe
1156 915 1177 968 ς
1226 885 1309 958 ab
1360 887 1599 976 altera,
1654 885 1809 962 satis
1854 883 2123 983 firmam
2159 881 2281 955 effe
2308 887 2600 979 corporis
2658 885 2752 959 sui
2794 891 3333 969 constitutionem

294 1078 301 1085 ⁵
376 1012 455 1065 ut
503 994 593 1065 illi
641 990 858 1066 motui
908 987 1177 1062 ferendo
1222 979 1503 1059 sufficiat
1557 1015 1584 1073 ,-
1632 982 1862 1060 dolore
1909 1007 2072 1057 vero
2120 985 2382 1078 ingrato
2404 1012 2431 1069 ,-
2468 984 2753 1058 noxium
2793 984 2912 1060 effe
2967 992 3142 1063 hunc
3171 1016 3332 1069 mo..

374 1092 529 1166 tuin
548 1095 633 1165 ’ἃ
671 1090 931 1183 coi-'pori
985 1081 1435 1179 periculorum.
1818 1102 1825 1123 ³

566 1245 703 1317 Cur
758 1236 826 1314 in
887 1237 1123 1326 nobis,
1163 1254 1279 1309 am:
1322 1237 1545 1331 potius
1589 1240 1667 1337 in·
1714 1236 1942 1309 animo
2001 1220 2229 1310 nostro
2276 1285 2299 1322 ,
2339 1253 2563 1309 tantus
2632 1235 2724 1308 est
2765 1240 3090 1333 appetitus
3159 1230 3329 1324 ciffi,

358 1338 531 1418 'curn
589 1366 827 1438 corpus
877 1337 1169 1411 nostrum
1225 1336 1547 1408 alimentis
1585 1338 1669 1409 ad
1721 1334 1815 1408 sui
1864 1332 2416 1407 sustentationem
2469 1333 2718 1428 indiget
2767 1334 2800 1407 ἲ
2860 1339 3000 1410 Cur
3054 1361 3333 1436 corpore

374 1443 665 1515 sanitato
728 1435 919 1511 ceffat‘
968 1436 1331 1532 appetitus,
1378 1458 1490 1507 cut
1542 1435 1880 1508 fastidium
1929 1436 1993 1505 ei
2035 1429 2377 1505 succedit?
2433 1432 2572 1504 Cur
2638 1436 2707 1505 in
2774 1435 3049 1508 homine
3120 1455 3335 1535 aegro-

373 1560 446 1614 to
491 1542 814 1637 appetitus
883 1532 1060 1609 idem
1113 1532 1536 1629 prosternitur
1589 1531 1624 1604 ἲ
1668 1534 1833 1606 Non
1906 1531 2029 1603 alia
2077 1527 2286 1604 cauffa
2333 1529 2425 1601 est
2469 1580 2494 1618 ‚
2572 1557 2773 1626 quam
2818 1555 2894 1606 ut
2938 1535 3150 1610 homo
3193 1537 3331 1613 esu-

308 1667 312 1671 ·
370 1641 543 1715 riens
563 1691 586 1727 ,
643 1639 728 1711 de
772 1653 1047 1729 c‘orpore
1089 1630 1207 1707 suo
1256 1629 1414 1703 cibis
1479 1630 1813 1704 fulciendo
1876 1630 1941 1701 δι
2002 1627 2458 1702 conservando
2538 1631 2836 1723 cogitet3
2895 1656 2975 1704 eo
3017 1660 3179 1709 vero
3238 1637 3330 1714 sa.

373 1726 599 1813 furato
627 1789 650 1824 ,
711 1734 891 1808 cibos
952 1734 1194 1805 noxios
1270 1731 1495 1826 potius
1566 1734 1669 1817 ei,
1719 1751 1920 1823 quam
1977 1724 2262 1799 salubres
2317 1723 2436 1798 effe
2482 1755 2508 1809 ‚-
2562 1729 2843 1822 denique
2907 1728 3330 1810 stomachum

368 1838 489 1910 vix
557 1833 893 1909 inutilibus
940 1827 1337 1903 humoribus
1388 1828 1755 1924 digerendis
1823 1820 2260 1900 sufficientem
2293 1873 2319 1912 ,
2407 1823 2491 1896 ad
2568 1824 2750 1901 cibos
2823 1836 3327 1928 concoquendos

362 1932 730 2011 inhabilem
772 1930 895 2005 effe
919 1947 955 2020 ,‘
986 1926 1370 2025 cognoscat*
1444 1950 1451 1955 ’

569 2075 780 2155 Facile
845 2078 1190 2154 monstrari
1235 2078 1440 2174 pollet
1492 2129 1523 2165 ,ν
1561 2068 1878 2153 omnibus
1941 2066 2342 2177 appetitibus
2377 2127 2403 2168 ‚
2460 2066 2786 2175 omnibus
2841 2064 3128 2156 sensibus
3152 2133 3175 2170 ‚
3203 2078 3324 2157 mi-

365 2204 520 2253 tam
544 2177 663 2253 effe
719 2179 800 2252 ad
844 2203 1080 2272 corpus
1124 2177 1642 2252 conservandum
1682 2178 2054 2255 utilitatem.
2141 2180 2241 2252 Ut
2284 2200 2552 2253 taceam
2589 2182 2672 2255 de
2717 2179 2842 2270 iis,
2896 2183 3012 2276 qui
3063 2183 3142 2254 ad
3168 2194 3334 2256 cons

361 2277 809 2353 servationem
862 2279 929 2349 &
966 2281 1512 2373 propagationem
1570 2277 1800 2372 speciei
1865 2281 2077 2352 eidem
2139 2277 2291 2351 sunt
2351 2277 2592 2372 inditi;
2672 2280 2789 2370 qui
2865 2292 3100 2352 omnes
3160 2281 3336 2374 ejus-·

361 2378 523 2450 dem
580 2378 667 2451 ad
706 2377 881 2448 hunc
921 2372 1196 2471 scopum
1244 2375 1395 2450 sunt
1447 2373 1746 2450 utilitatis
1793 2378 1859 2450 &
1928 2373 2336 2468 neceflitatis.
2449 2377 2548 2449 Ut
2599 2378 2984 2450 vel·unum
3025 2373 3325 2473 afferam,

359 2474 676 2549 undeest
716 2475 782 2546 in
823 2473 1192 2571 conjugatis
1234 2472 1508 2548 affectus
1549 2476 1651 2547 ille
1688 2526 1712 2561 ,
1770 2476 1882 2568 qui
1918 2478 2252 2569 zelotypia
2299 2483 2588 2569 vocatur*
2601 2503 2622 2556 3
2671 2470 2949 2547 affectus
2995 2508 3040 2563 s
3082 2477 3184 2551 uti
3225 2474 3327 2550 vi-

359 2576 565 2648 detur
596 2625 617 2660 ,
675 2573 1054 2644 irrationalis
1086 2602 1106 2654 ;
1139 2577 1205 2645 &
1242 2575 1355 2665 qui
1394 2572 1550 2644 nihil
1586 2573 1785 2670 aliud]
1817 2570 1936 2644 nisi
1983 2574 2211 2645 inutile
2259 2573 2626 2665 conjugatis
2672 2593 3082 2646 tormentum
3137 2568 3325 2647 affer-

356 2698 437 2757 re
491 2670 814 2741 videtur?
843 2669 1016 2740 Sane
1042 2668 1114 2745 *fi
1157 2672 1262 2741 hic
1316 2665 1584 2742 affectus
1637 2672 1812 2741 intra
1857 2673 2179 2743 terminos
2230 2669 2604 2741 continetur
2628 2720 2651 2756 ,
2709 2671 2866 2742 nihil
2921 2672 3174 2766 concipi
3205 2694 3327 2767 po*

358 2764 494 2842 test
538 2766 747 2860 magis
791 2767 1367 2840 accommodatum
1412 2767 1503 2839 ad·
1564 2764 1844 2839 fideliter
1892 2784 2190 2841 amorem
2241 2766 2651 2861 conjugalem
2733 2766 3319 2862 conservandum’,

353 2888 573 2961 atque
633 2864 1005 2944 ordinem&
1042 2866 1197 2938 Deo
1238 2866 1325 2937 ad:
1371 2865 1881 2960 propagandum
1931 2888 2142 2960 genus
2186 2869 2568 2948 humanum,
2608 2866 3051 2943 constitutum.
3111 2875 3321 2964 Qod

353 2964 405 3039 fi
452 2965 643 3038 enim
698 2962 1007 3058 conjuges
1062 2988 1142 3036 eo
1195 2962 1397 3057 usque
1445 2960 1843 3036 insensibiles
1906 2989 2138 3038 omnes
2209 2962 2412 3039 effent-
2454 3016 2478 3052 ‚
2535 2985 2624 3039 ut·
2682 2966 3122 3045 existimarent
3174 2972 3319 3042 nul-

353 3067 492 3138 lam
540 3059 672 3135 sibi
722 3058 864 3134 fieri
894 3061 1202 3152 injuriam
1226 3059 1414 3149 fieri,
1440 3060 1508 3134 fi
1536 3066 1700 3135 alter
1740 3065 1987 3157 conjux
2015 3064 2223 3140 fidem
2259 3061 2582 3158 frangeret
2618 3066 3029 3160 conjugalem
3059 3117 3084 3155 ‚
3133 3071 3333 3150 orire-

351 3181 464 3237 tur
501 3161 705 3236 brevi
751 3184 829 3234 ea
880 3160 1050 3235 inter
1099 3161 1403 3234 homines
1425 3158 1748 3236 *confufio
1774 3211 1815 3250 ›-
1868 3188 2026 3259 quae
2070 3165 2242 3239 inter
2285 3161 2487 3236 bruta
2535 3162 2625 3235 est
2676 3166 3037 3238 animantia
3058 3214 3082 3251 ‚
3109 3161 3162 3236 fi
3188 3188 3342 3237 non-

353 3264 575 3338 multo
605 3261 846 3353 major.
1140 3256 1151 3266 “

555 3397 692 3475 Sed
735 3392 1091 3474 etianuadss
1127 3395 1451 3472 societatis
1480 3400 1796 3474 humanae
1847 3386 2431 3474 conservationem
2480 3405 2712 3479 multae
2753 3405 2903 3480 sunt
2948 3404 3342 3484 hominibus⁸

348 3494 830 3593 propensiones
863 3497 1189 3571 naturales
1236 3498 1466 3572 inditae
1498 3549 1521 3586 ,
1556 3524 1719 3592 quas
1776 3499 2103 3592 recensere
2141 3499 2421 3592 longum
2448 3499 2617 3574 effet.
2691 3506 2851 3577 Huc
2883 3503 3321 3600 ,potiffirnum

349 3595 504 3671 facit
529 3599 825 3670 aliorum
866 3598 1215 3678 hominum
1256 3593 1826 3694 approbationem'
1874 3594 2216 3670 obtinendi
2248 3627 2284 3684 ‚·
2335 3597 2534 3691 iisque
2606 3602 2899 3695 placendi
2933 3656 2955 3691 ‚
3011 3601 3318 3682 studium.

347 3695 631 3769 Vanum
672 3693 836 3765 illud
860 3696 1143 3782 videtur,
1178 3697 1508 3769 &revera
1543 3696 1797 3788 concipi
1851 3721 1988 3768 non
2024 3695 2292 3789 potests·
2320 3722 2518 3791 quare
2567 3701 2771 3784 homo
2834 3720 3175 3798 tantopere
3242 3710 3324 3783 de

351 3794 655 3869 aliorum
701 3793 825 3884 ‚de
872 3789 935 3866 se
974 3793 1225 3885 judiciis
1288 3791 1370 3869 fit
1443 3794 1750 3894 sollicitus
1780 3844 1804 3881 ‚
1881 3796 2315 3890 nequenegari
2375 3796 2588 3890 potest
2657 3801 2834 3872 hunc
2884 3798 3191 3880 affectum
3241 3789 3326 3881 =in

349 3894 685 3989 plerisque
759 3887 877 3964 este
941 3893 1243 3964 nimium.
1384 3894 1510 3966 Sed
1566 3915 1790 3965 tamen
1893 3895 2025 3967 hoc
2085 3895 2402 3989 quidquid
2457 3895 2597 3985 est,
2675 3896 2727 3970 fi
2789 3900 2959 3975 intra
3007 3891 3344 3988 terminos¹

349 3988 501 4066 suos
558 3992 992 4077 continetur,
1027 3991 1123 4062 ad‘
1159 3988 1535 4064 societatem
1588 3994 1754 4063 inter
1803 3993 2100 4066 homines
2152 3994 2621 4068 conciliandam
2664 4023 2813 4071 cum
2870 4001 3272 4096 aptiffimum
3295 4044 3339 4091 ‚·

352 4091 490 4164 imo
543 4085 971 4165 neeefl‘arium
1011 4084 1139 4176 fit,
1184 4088 1444 4162 nullum
1475 4088 1565 4163 est
1592 4087 1923 4172 dubium3
1980 4103 2137 4163 eum
2179 4087 2489 4166 affectum
2535 4095 2572 4166 ὲ
2621 4113 2877 4174 naturae
2915 4103 3213 4177 Auaoxe
3251 4106 3341 4176 ina

349 4189 533 4263 huno
604 4186 831 4262 fi'nem
880 4189 1113 4263 animis
1162 4188 1512 4263 hominum
1574 4187 1952 4264 instillatum
2014 4186 2154 4264 effe.

549 4337 802 4411 Fateor
827 4386 851 4423 ‚
905 4332 1304 4428 praecipuam
1361 4327 1687 4418 caussam,
1758 4347 1911 4425 quae
1977 4334 2286 4412 homines
2318 4349 2589 4415 movere
2625 4329 2916 4418 debere-‘t‘
2965 4327 3070 4415 ad*
3107 4343 3336 4441 progig-

358 4461 557 4507 mum
632 4431 1116 4506 sublevandum
1177 4431 1678 4526 juvandumque
1729 4481 1752 4517 ,
1806 4430 2075 4506 deberet
2122 4434 2241 4508 cfle
2305 4463 2492 4513 amor
2532 4442 2661 4512 Dei
2716 4445 2779 4514 ὃς
2833 4437 3118 4514 studium
3174 4450 3347 4523 huic·¹

356 4532 731 4628 placendi-5
782 4533 845 4606 81
889 4531 1153 4628 quando
1197 4554 1398 4608 amor
1449 4527 1831 4607 hominibus
1881 4533 2178 4627 placendi
2228 4537 2406 4610 hunc
2456 4535 2714 4633 superat
2739 4587 2778 4625 ‚,
2819 4556 2935 4609 aut
3003 4531 3228 4609 saltem
3267 4557 3342 4624 ei:

3190 4655 3344 4716 nom
