4188 5670
1107 386 1949 464 Ex1srnurra
2059 388 2422 461 Dnn'
2893 480 2898 489 Β
3128 407 3283 484 257

1240 696 1969 786 CAPUT
2120 692 2389 783 111.

324 915 703 1003 ‘Probatur
751 923 945 1008 idem
966 916 1344 1036 specialius
1396 951 1486 1006 ex
1513 921 2002 1038 'pulcherrima
2035 942 2535 1002 creaturarum
2583 915 2972 1027 limam,
3018 954 3283 1011 earun-

984 1041 1284 1159 demque
1339 1038 1754 1124 admirabili
1795 1051 2122 1152 partium
2187 1034 2641 1153 dispositione.

545 1255 881 1335 Ccurrunt
924 1257 1115 1334 nobis
1165 1258 1383 1354 primo
1432 1254 1504 1331 in
1557 1260 1682 1331 hac
1721 1257 1939 1333 nostra
1979 1255 2209 1330 tellure
2256 1249 2764 1328 innumerabiles
2804 1259 3184 1335 animalium
3208 1265 3282 1336 &-

372 1434 380 1443 ,
598 1360 973 1457 plantarum
1007 1358 1293 1454 species3
1345 1354 1848 1431 innumerabilia
1896 1354 2234 1430 individua
2294 1352 2580 1447 ejusdem
2631 1350 2912 1448 speciei3
2977 1361 3278 1435 innume-

330 1453 578 1532 rabiles
632 1480 846 1557 partes
894 1460 964 1531 in
1006 1454 1304 1554 quolibet
1327 1457 1712 1544 individu0‚
1757 1481 1909 1552 quae
1958 1474 2099 1528 tam
2148 1449 2514 1525 admirabili
2535 1473 2671 1525 arte
2716 1466 3278 1552 coagmentatae&

310 1550 670 1651 ‘dispositae
713 1556 865 1632 sunt
887 1610 912 1647 ,
947 1579 1026 1631 ut
1070 1557 1251 1635 nulla
1307 1581 1410 1630 ars
1461 1559 1750 1629 humana
1804 1581 1885 1630 eo
1923 1552 2131 1647 usque
2182 1553 2394 1649 adhuc
2443 1555 2808 1647 pertingere
2848 1553 3051 1651 poffit
3076 1610 3100 1648 ‚
3152 1586 3276 1634 nec

330 1675 634 1752 unquam
679 1660 947 1755 poterit.
1095 1659 1175 1731 In
1230 1658 1467 1730 harum·
1512 1650 1929 1749 dispositione
1983 1674 2232 1726 certam
2282 1652 2567 1744 aliquam
2623 1677 2926 1727 normam
2975 1659 3042 1730 δε
3089 1684 3279 1755 regu-

339 1750 477 1829 lam
527 1755 945 1831 observatam
989 1754 1110 1834 effe
1137 1810 1159 1846 ‚
1210 1782 1411 1830 nemo
1445 1776 1589 1828 tam
1631 1753 1934 1849 stupidus
1986 1750 2124 1837 est,
2175 1751 2336 1845 quin
2387 1747 2436 1821 fi
2477 1749 2586 1821 vel
2625 1750 2838 1826 obiter
2889 1780 2966 1828 ea
3016 1755 3280 1852 aspiciat

338 1847 562 1932 statim
604 1854 971 1950 agnoscat.·
1053 1857 1182 1930 Sed
1213 1857 1410 1952 longe
1458 1855 1690 1929 melius
1745 1854 1976 1927 vident
2002 1900 2028 1939 ‚
2075 1850 2192 1945 qui
2231 1874 2337 1922 eas
2382 1851 2691 1922 attentius
2717 1856 3274 1952 contemplantur,

334 1955 455 2050 qui
492 1979 772 2051 corpora
811 1956 1197 2029 animalium
1238 1956 1542 2051 aperiunt
1586 2005 1611 2042 ,
1657 1949 1962 2026 diffecant
1998 1978 2025 2034 ‚·
2088 1950 2203 2043 qui
2249 1948 2448 2053 quod·
2473 1943 2687 2022 visum
2712 1944 2944 2049 effugit
2978 2004 3005 2044 ‚
3055 1953 3274 2051 aspici·

320 2074 453 2125 unt
491 2055 691 2127 oculo
734 2105 766 2141 ,
800 2053 1234 2147 microcoscopio
1291 2055 1514 2147 aliquo
1551 2103 1576 2140 ,
1628 2071 1709 2124 ut
1764 2051 2127 2146 loquuntur
2154 2097 2179 2135 ‚
2234 2067 2494 2121 armato.
2633 2047 2801 2122 Non
2841 2070 3102 2127 tantum
3128 2057 3269 2151 pul-

320 2153 729 2225 cherrinfim
780 2149 1269 2248 dispositionem
1333 2152 1921 2238 animadvertunt,
1971 2149 2044 2220 in
2097 2144 2621 2221 conformatione
2686 2153 2976 2243 partium
3024 2156 3271 2229 anima-

310 2249 498 2351 lium
554 2251 965 2348 integrorum
1008 2281 1036 2338 ‚-
1093 2251 1204 2326 sed
1258 2253 1330 2327 in
1370 2246 1774 2346 quibuslibet
1828 2243 2127 2344 partibus
2152 2298 2177 2335 ‚
2232 2247 2370 2319 imo
2425 2247 2714 2340 partium
2752 2248 3070 2344 partibus.

517 2404 614 2478 Ut
658 2406 742 2478 de
787 2433 921 2481 una
964 2427 1230 2483 tantum
1290 2428 1481 2502 parte
1529 2405 1809 2500 loquar3
1843 2402 2005 2501 quid
2051 2396 2462 2473 artificiofius
2519 2400 2614 2475 est
2664 2404 2905 2493 oculo,
2961 2431 3101 2482 non
3147 2413 3273 2486 ho-

312 2495 511 2572 minis
568 2506 817 2594 modo,
874 2507 984 2581 sed
1031 2503 1380 2601 quuslibet
1442 2504 1833 2577 animalculi.
1985 2501 2052 2573 Si
2079 2495 2565 2573 consideramus
2618 2502 2760 2593 ejus
2807 2504 3167 2599 humores,
3215 2506 3272 2585 fi

210 2601 229 2611 ”
311 2599 612 2688 tunicas,
666 2600 715 2675 si
765 2624 980 2678 totam
1024 2608 1165 2700 ejus
1218 2607 1612 2678 structuram
1635 2654 1661 2690 ,
1713 2602 1856 2697 quis
1899 2623 2039 2671 non
2087 2599 2291 2670 cernit
2314 2648 2339 2685 ,
2382 2600 2551 2672 hanc
2595 2597 2991 2675 structuram
3026 2603 3271 2682 fictam

311 2691 437 2767 effe
493 2699 966 2774 accuratiffime
1010 2706 1091 2775 ad
1165 2708 1337 2799 leges
1425 2709 1649 2795 opticae
1695 2699 1731 2771 ἲ
1801 2700 1869 2774 Si
1940 2698 2094 2793 quis
2156 2693 2609 2769 musculorum
2695 2717 2961 2773 tantum
3020 2702 3271 2780 structu

307 2814 458 2865 ram
503 2800 570 2870 &
609 2800 749 2870 vim
801 2796 1162 2874 considerat
1191 2852 1215 2890 ‚
1272 2812 1641 2892 eorumque
1687 2822 1803 2892 per
1855 2793 2152 2869 tendinee
2200 2816 2356 2865 cum
2407 2792 2655 2869 offibus
2710 2802 3192 2879 connexionem
3231 2856 3262 2895 ‚

306 2914 392 2962 an
454 2922 594 2967 non
645 2895 964 2971 fatebitur
1003 2901 1174 2993 leges
1222 2900 1379 2972 artis
1437 2898 1837 2972 mechanicae
1878 2913 2023 2970 tam
2062 2908 2366 2966 accurate
2411 2892 2531 2968 efle
2563 2890 2986 2989 observatae,
3018 2923 3292 2981 utine:

301 2985 422 3064 lius
460 2993 800 3071 obstrvari
838 3021 976 3069 non
1010 2995 1382 3094 potuiflent.

474 3150 890 3228 =Confideret
929 3156 1090 3228 mihi
1141 3155 1368 3251 aliquis
1400 3154 1790 3230 structuram
1826 3152 2046 3229 cordis
2071 3206 2099 3242 ,
2137 3176 2334 3254 atque
2380 3156 2531 3231 inde
2575 3157 2882 3233 omnium
2924 3182 3254 3234 venarum

308 3254 371 3327 &
412 3254 806 3328 arteriarum
848 3255 920 3328 in
960 3255 1344 3326 universum
1392 3281 1628 3351 corpus
1668 3252 2196 3348 expanfionem3
2261 3251 2607 3332 cerebrum
2654 3255 2831 3331 unde
2876 3258 3064 3331 nervi
3109 3282 3261 3331 om·-

307 3376 417 3426 nes
461 3377 576 3447 per
637 3376 878 3448 corpus
924 3354 1414 3446 protenduntur
1456 3382 1485 3436 3
1532 3379 1671 3425 non
1716 3355 1970 3448 poterit
2017 3377 2159 3423 non
2226 3350 2574 3446 agnoscere
2601 3406 2626 3442 ,
2689 3354 3017 3427 summam
3063 3380 3264 3449 quan.

308 3453 460 3525 dam
512 3451 1012 3546 intelligentiam
1068 3449 1189 3525 effe
1216 3501 1243 3539 ‚
1297 3475 1454 3545 quae
1517 3452 1661 3524 haec
1713 3447 2149 3523 fabrioeverit.
2279 3451 2378 3523 Ut
2437 3450 2650 3523 verbo
2704 3451 2921 3522 dicam
2953 3502 2978 3539 ,
3052 3451 3267 3548 pofl'et

305 3550 530 3643 aliquis
579 3570 799 3623 totam
846 3551 1058 3625 vitam
1095 3548 1476 3623 consumere
1510 3550 1579 3620 in
1628 3548 1824 3620 unius
1868 3544 2242 3621 animalculi
2289 3543 2807 3624 consideratione
2836 3597 2862 3636 ‚
2918 3553 2982 3625 &
3035 3552 3257 3649 quoti-

312 3651 410 3725 die
459 3673 646 3723 nova
683 3651 755 3723 in
810 3674 893 3723 eo
929 3648 1311 3723 admiranda
1355 3648 1697 3723 inveniret.

491 3806 560 3881 Si
619 3804 766 3898 quis
815 3803 1114 3880 nondum
1150 3807 1247 3880 his
1289 3801 1440 3880 essizt
1491 3803 1833 3878 convictus
1875 3853 1900 3891 ‚
1954 3799 2461 3878 innumerabiles
2501 3821 2758 3900 panea,
2814 3831 2974 3899 quas
3035 3807 3103 3878 in
3173 3832 3262 3883 eo

308 3901 612 3999 conspicit
642 3953 668 3990 ,
714 3902 796 3975 ad
837 3923 1081 3977 certam
1121 3928 1427 3978 normam
1464 3901 1585 3976 effe
1632 3903 1964 3977 ordinatas
2013 3905 2079 3977 &
2124 3899 2462 3997 dispofitas
2489 3954 2516 3992 ‚
2567 3899 2925 3979 confideret
2953 3908 3258 3981 innume·

305 3999 523 4077 rabilia
570 4005 651 4075 in
678 4005 865 4074 terris
907 4001 1027 4075 effe
1070 4003 1458 4076 animalcula
1505 4004 1602 4076 his
1650 3999 1880 4075 fimilia
1914 4052 1940 4090 ,
1991 4000 2113 4076 ubi
2164 4002 2396 4075 eadem
2426 4001 2683 4100 prorsus
2721 4010 3012 4101 partium
3044 4031 3259 4101 prope

305 4095 707 4178 infinitarum
749 4098 1082 4196 dispolitio
1126 4101 1218 4175 est
1245 4099 1610 4190 observata.
1735 4097 2120 4176 confideret
2170 4101 2328 4175 alias
2372 4099 2490 4176 effe
2534 4101 2776 4199 species
2815 4103 3255 4179 innumerabi-

320 4194 403 4268 les
446 4201 1001 4295 quadrupedum,
1042 4202 1269 4274 avium
1294 4252 1321 4288 ,
1370 4197 1684 4297 piscium,
1725 4197 2146 4285 insectorum,
2188 4200 2645 4276 maximorum
2679 4254 2704 4291 ,
2753 4206 3184 4278 minimorum
3216 4253 3253 4290 ,

305 4293 510 4370 visum
562 4324 841 4373 omnem
881 4295 1383 4395 effugientium,
1438 4299 1509 4370 in
1566 4322 1857 4393 quorum
1921 4293 2281 4371 individuis
2331 4300 2498 4373 inira
2554 4311 2821 4397 quoque
2858 4304 3146 4396 partium
3186 4302 3254 4374 ἃ

306 4397 769 4484 particularum
824 4399 916 4473 est
953 4397 1313 4497 dispositio.
1384 4394 1772 4472 Confideret
1796 4449 1821 4485 ,
1850 4395 2099 4470 habere
2141 4421 2373 4471 omnes
2428 4400 2542 4470 has
2591 4399 2828 4495 species
2853 4396 3045 4472 fimul
3084 4396 3257 4468 sum-

308 4507 398 4564 tas
432 4496 675 4590 aliquid
724 4497 795 4570 in
848 4525 984 4593 quo
1031 4501 1429 4572 conveniant
1453 4526 1481 4583 ‚-
1525 4495 1767 4571 habete
1809 4493 2093 4593 singulas
2125 4547 2149 4583 ‚
2192 4493 2439 4590 quibus
2484 4492 2573 4568 ab
2608 4499 2750 4571 aliis
2794 4491 3100 4568 differant
3131 4494 3258 4570 3311

304 4583 558 4686 fingulis
585 4619 857 4689 quoque
886 4598 1237 4671 individuis
1266 4599 1457 4692 unius
1492 4594 1720 4691 speciei
1754 4599 1820 4671 &
1850 4596 2231 4678 ,convenien
2243 4596 2407 4668 tiam
2452 4596 2519 4665 &
2552 4589 2990 4668 differentiam
3039 4609 3246 4679 quan-

307 4686 452 4764 dam
495 4693 952 4772 animadverti.
1029 4697 1108 4770 In
1148 4699 1390 4771 horum
1418 4698 1719 4871 omniu11<n
1754 4700 1819 4769 ἃ
1868 4692 2278 4792 singulorum
2333 4686 2635 4787 partibus
2678 4684 3260 4847 ordinandgnttvgn-

1070 4823 1077 4832 .
1724 4797 1773 4866 k
1846 4814 1882 4885 3
3183 4800 3254 4848 m
