4188 5670
933 327 1084 417 333
1862 331 1889 375 ἐ
1993 317 3056 394 Lsz-c··r·rouaes:'*

928 497 1124 582 mave
1174 513 1346 570 voce
1391 513 1513 568 aut
1554 493 1766 591 phrasi
1814 500 1947 572 hoc
1986 493 2433 590 potissimum
2472 491 2657 570 sensu
2717 515 3000 572 utuntur
3064 545 3087 583 ,
3157 498 3586 576 amiciuderet·
3619 508 3874 578 νάσθη

927 609 1046 678 aut
1083 593 1345 691 phrasin
1387 598 1459 668 in·
1488 597 1818 690 Scriptura
1846 600 1907 672 S.
1956 619 2230 691 quoque
2275 595 2386 683 V„
2418 595 2502 676 T.
2555 597 2844 669 eundern
2888 594 3140 670 ienfirm
3191 597 3482 683 habetes
3533 599 3718 674 unde
3761 624 3878 676 cx-

909 698 1142 792 empla
1183 697 1379 789 hujus
1426 693 1914 790 significationis
1943 720 2028 770 ex
2074 694 2207 789 ipsa
2253 696 2315 768 S.
2370 695 2702 789 Scriptura
2750 691 2898 768 sunt
2946 689 3297 770 afferenda.
3643 766 3648 772 .
3853 767 3866 778 ,

922 854 1028 927 Ex
1066 877 1203 947 quo
1251 848 1534 925 efficitur
1573 875 1822 925 vocum
1854 873 1972 927 aut
2015 847 2347 948 phrafium
2376 900 2400 935 ,
2453 875 2611 946 quae
2655 869 2773 926 aut
2824 848 3018 925 semel
3074 872 3206 928 aut,
3235 876 3405 926 raro
3460 854 3533 926 in
3579 851 3884 944 scriptu-

920 973 996 1030 ta
1039 954 1102 1026 S.
1157 973 1549 1039 occurrunt,
1599 948 2151 1045 significationem
2195 951 2631 1024 determinare
2655 950 2858 1024 valde
2899 950 3020 1025 effe
3048 946 3312 1024 difficile
3334 1003 3358 1038 ,
3391 971 3883 1045 nonnunquam
3975 1030 3980 1033 ,

920 1054 1184 1145 penitus
1230 1048 1528 1124 idum-w.
1588 1053 1761 1139 Quis
1787 1054 1967 1124 enim
2011 1049 2205 1124 nobis
2230 1049 2510 1135 dixerit,
2555 1049 2639 1121 ad
2680 1051 2841 1143 quid
2871 1044 3368 1146 significandum
3396 1076 3532 1124 non
3563 1051 3876 1140 Rabbim‘,

920 1149 1031 1223 fed
1075 1149 1262 1244 prisci
1290 1149 1382 1222 illi
1428 1148 1648 1241 Judaei
1669 1201 1695 1237 ,
1758 1151 1872 1244 qui
1915 1176 1996 1223 eo
2030 1170 2329 1242 tempore
2353 1199 2375 1234 ‚
2428 1171 2564 1240 quo
2609 1147 2695 1219 V.
2758 1148 3050 1222 Testam.
3110 1148 3685 1245 conscriptumest
3708 1201 3731 1237 ,
3785 1146 3878 1219 vi·

921 1265 1173 1324 xerunt
1195 1300 1218 1335 ‚
1270 1271 1509 1321 vocem
1534 1250 1733 1320 illam
1780 1247 2294 1321 determinarint.
2355 1243 2772 1340 confugiunt
2803 1248 2909 1321 hic
2939 1250 3326 1344 interpretes
3347 1300 3371 1336 ,
3403 1269 3483 1322 ut
3503 1249 3868 1343 plurimum

923 1348 1009 1421 ad
1046 1349 1294 1443 linguas
1344 1371 1431 1420 ex
1454 1345 1750 1420 Hebraeo
1783 1369 2000 1436 otta,
2040 1366 2157 1422 aut
2199 1346 2274 1416 iis
2337 1340 2610 1426 affiness
2645 1371 2859 1439 neque
2894 1349 3316 1442 negaverim,
3363 1349 3434 1420 in
3447 1349 3533 1420 de
3555 1374 3865 1426 norman<

919 1470 1124 1542 quam
1170 1445 1412 1538 aliquid
1466 1445 1627 1518 lucis
1662 1442 1903 1518 talibus
1942 1443 2160 1520 afferri
2207 1441 2431 1540 possen
2470 1469 2605 1516 non
2639 1464 2868 1518 tamen
2916 1447 3201 1518 nimium
3228 1448 3429 1519 etiam
3455 1448 3556 1521 his
3588 1448 3692 1521 est
3721 1477 3860 1528 cort

911 1544 1302 1623 fidendum3
1362 1568 1574 1638 neque
1617 1545 1803 1616 enim
1858 1570 1952 1617 ex
1999 1570 2125 1633 eo,
2183 1542 2366 1637 quod
2424 1542 2631 1616 verba
2687 1568 2770 1615 ex
2819 1542 3113 1618 Hebraea
3155 1547 3410 1641 Lingua
3456 1567 3609 1619 orca
3668 1552 3857 1628 talem

915 1639 1456 1737 fignificationem
1512 1639 1758 1717 habent
1780 1694 1803 1732 ‚
1858 1666 2038 1717 certo
2104 1642 2409 1716 concludi
2461 1640 2712 1734 potest,
2772 1643 2880 1716 illa
2934 1644 3129 1718 inea
3177 1640 3664 1739 significatione
3707 1652 3852 1725 olim

916 1742 986 1813 in
1031 1739 1164 1834 ipsa
1200 1737 1489 1816 Hebraea
1534 1741 1787 1836 Lingua
1832 1739 2011 1819 fuiffe
2040 1762 2326 1836 accepta.
2388 1744 2818 1835 Quantopere
2853 1744 3033 1814 enim
3076 1766 3325 1815 vocum
3356 1740 3852 1838 significationes

914 1838 1396 1916 mutationibus
1422 1836 1552 1914 fint
1589 1838 1908 1916 obnoxiae
1933 1893 1957 1929 ‚
2010 1868 2221 1919 nemo
2253 1843 2537 1936 ignorat.

1107 1999 1276 2071 Sunt
1322 1997 1429 2068 alii
1454 2047 1478 2084 ,
1546 1997 1663 2090 qui
1708 1997 1790 2070 ad
1831 2023 2082 2071 vocum
2132 1991 2676 2091 significationem
2734 1994 3298 2070 determinandam
3343 1992 3734 2092 confugiunt
3765 1990 3837 2064 ad

905 2097 1380 2193 Etymologiam,
1424 2098 1490 2168 &
1536 2120 1673 2183 eus
1714 2096 2057 2189 originem.
2148 2097 2274 2170 Sed
2326 2096 2391 2166 &
2431 2095 2584 2168 huic
2636 2120 2776 2168 non
2830 2097 3112 2170 nimium
3147 2092 3578 2167 tribuendum
3603 2094 3722 2178 est,
3748 2093 3829 2162 ni·-

853 2264 856 2267 .
910 2191 963 2268 fi
1007 2191 1156 2266 usus
1192 2196 1295 2282 id,
1340 2194 1519 2287 quod
1568 2218 1652 2265 ex
1681 2195 1932 2289 origine
1986 2195 2169 2268 vocis
2222 2194 2302 2266 de
2332 2193 2469 2284 ejus
2509 2188 2557 2263 fi
2654 2191 2976 2268 ‘ficatione
3005 2192 3425 2285 conjicimus,
3477 2191 3828 2267 confirmet.

909 2293 1058 2365 Dici
1105 2296 1283 2366 enim
1322 2294 1593 2391 nequit,
1637 2316 1722 2365 an
1775 2295 1840 2366 δι
1891 2314 2217 2388 quantum
2263 2292 2344 2363 de
2391 2218 2862 2384 fignigglati'one
2893 2293 3158 2387 originis
3183 2343 3207 2379 ,
3256 2317 3398 2365 vox
3422 2293 3704 2365 derivata
3734 2314 3836 2360 rej-

902 2393 1235 2474 tinuerit3
1323 2416 1535 2483 neque
1593 2394 1940 2486 quisquam
2016 2412 2195 2464 certo
2260 2384 2693 2476 defi‘niverit,·
2736 2390 3092 2484 praesertim
3143 2413 3303 2472 cum
3359 2392 3534 2464 radix
3593 2387 3814 2474 mulus

905 2489 1108 2566 habet
1156 2487 1653 2586 significationes
1676 2543 1698 2578 ‚
1752 2515 1957 2586 quam
2007 2514 2235 2563 earum
2301 2481 2711 2582 potiflimum
2751 2488 3096 2584 spectarint
3115 2542 3137 2577 ,
3191 2492 3306 2585 qui
3356 2490 3500 2562 inde
3539 2510 3678 2559 eam
3708 2484 3812 2555 de-

900 2589 1237 2677 rivarunt,
1288 2590 1471 2681 cujus
1519 2586 1907 2684 significatio
1956 2592 2276 2685 quaeritur
2296 2615 2320 2668 3
2383 2603 2501 2658 aut
2551 2588 2709 2680 quid
2764 2588 3026 2683 praecise
3079 2589 3237 2661 iliud
3285 2586 3410 2676 fit,
3451 2591 3516 2664 in
3557 2610 3678 2680 quo
3722 2608 3812 2655 ra-

904 2689 1156 2762 tionem
1190 2689 1570 2785 thmologiae
1600 2688 1739 2766 suae
1776 2686 2200 2783 quaefiverint
2229 2741 2251 2776 ‚
2314 2704 2768 2783 praeterquam
2823 2688 3003 2781 quod
3032 2686 3187 2781 ipsae
3229 2712 3500 2782 quoque
3543 2683 3816 2784 Erymolo·

888 2793 1010 2881 gia
1052 2811 1300 2863 vocum
1335 2789 1523 2860 valde
1573 2788 1841 2862 incertae
1867 2841 1891 2877 ‚
1942 2791 2007 2863 &
2052 2814 2189 2863 non
2240 2809 2386 2862 raro
2429 2790 2744 2873 eveniat,
2806 2807 2882 2859 ut
2931 2787 3207 2859 eandem
3248 2811 3484 2863 vocem
3540 2786 3695 2858 alius
3742 2779 3822 2855 ab

898 2886 1019 2957 hac
1044 2937 1069 2972 ,
1096 2890 1282 2961 'alius
1336 2885 1423 2961 ab
1477 2888 1604 2961 alia
1656 2890 1868 2961 radice
1920 2888 2301 2962 descendere
2360 2884 2538 2956 velit.
2625 2887 2812 2982 Qin
2872 2888 2936 2959 Er
2999 2888 3124 2957 hoc
3186 2887 3508 2958 incertum
3561 2885 3651 2958 est
3679 2936 3700 2970 ,
3745 2907 3823 2953 an

895 2988 1093 3057 voces
1136 2986 1453 3056 derivatae
1502 2988 1783 3076 primam
1823 2985 2003 3056 suam
2065 2984 2609 3080 fignificationem
2667 2988 2755 3056 ab
2793 2986 2915 3070 iis,
2975 2989 3089 3077 qui
3136 2984 3329 3078 primi
3385 3007 3490 3057 eas
3531 2985 3570 3052 a
3627 2982 3825 3057 radice

894 3078 1315 3167 derivarunt,
1365 3082 1640 3152 inditam
1665 3133 1687 3167 ‚
1747 3085 2132 3156 retinuerint
2163 3113 2190 3167 ‚-
2273 3105 2357 3159 an
2388 3103 2549 3155 vero
2588 3084 2809 3177 potius
2857 3080 3006 3155 usus
3052 3083 3374 3177 paulatim
3400 3109 3507 3157 eas
3537 3084 3625 3157 ad
3661 3079 3823 3154 aliud

890 3177 1401 3278 significandum
1447 3179 1912 3261 determinant.
2040 3210 2043 3217 ⁴
2289 3220 2298 3225 fi
3805 3216 3812 3225 ·

1080 3340 1252 3423 Usus
1286 3345 1499 3428 enim,
1551 3364 1627 3416 ut
1662 3347 1732 3417 in
1783 3340 2091 3417 omnibus
2140 3346 2370 3440 linguis
2393 3398 2417 3433 ,
2443 3346 2538 3418 ita
2579 3348 2647 3433 in
2675 3338 2965 3423 Hebraea
2999 3345 3224 3419 omnia
3283 3341 3544 3418 definire
3578 3332 3813 3426 debet}

890 3438 981 3514 eii
1017 3437 1212 3537 quo]
1269 3461 1345 3514 nt
1393 3442 1733 3531 diximuS,
1791 3466 1929 3549 npn
1978 3443 2207 3532 aliter,
2265 3442 2382 3517 nifi
2426 3448 2510 3517 ex
2548 3442 2700 3539 ipfis
2745 3444 3107 3536 Scripturae
3151 3445 3346 3530 lociS,
3386 3444 3666 3535 judicati
3705 3469 3819 3537 po-

889 3541 1026 3612 test.
1100 3542 1257 3628 Qra
1284 3542 1374 3613 ·in
1404 3567 1481 3614 re
1522 3542 1682 3616 nulli
1735 3541 1889 3614 -libri
1934 3545 2251 3630 majorem
2311 3545 2504 3617 nobis
2552 3543 2906 3616 utilitatem
2940 3542 3243 3637 praebent
3267 3590 3291 3629 ,
3331 3562 3530 3637 quam
3563 3546 3809 3615 Concor·

889 3637 1152 3724 dantia,
1204 3659 1281 3711 ut
1327 3644 1573 3712 vocant
1589 3669 1607 3721 3
1675 3640 1910 3713 harum
1953 3641 2130 3712 enim
2181 3643 2387 3717 duna
2453 3642 2754 3715 videmus
2799 3688 2823 3726 ,
2875 3642 3033 3735 quid
3081 3644 3152 3713 in
3189 3643 3326 3714 aliis
3369 3642 3524 3714 locis
3562 3639 3802 3724 verba,

892 3758 1177 3831 quorum
1213 3735 1598 3833 significatio
1635 3741 1975 3831 quaeritur,
2013 3736 2389 3833 significent.
2471 3742 2719 3814 Lexicis
2746 3741 2921 3811 enim
2954 3742 3075 3811 hic
3090 3742 3367 3813 nimium
3422 3766 3558 3811 non
3591 3738 3680 3813 est
3703 3738 3810 3811 tri-

890 3832 1229 3907 buendum
1262 3887 1282 3920 ,
1348 3839 1459 3928 qui
1509 3836 1828 3932 Judaeos·‚
1880 3838 1946 3907 8c
1992 3840 2279 3911 incertas·
2318 3864 2548 3913 eorum
2595 3840 2976 3911 traditiones
3022 3836 3222 3933 -saepe
3257 3837 3646 3933 sequuntur.
3702 3836 3814 3909 Vi.

888 3922 1182 4003 tiendum
1231 3935 1489 4028 igitur‘,
1520 3934 1783 4027 ‘quibus
1835 3936 2147 4028 exemplis
2189 3935 2472 4030 probent
2516 3988 2535 4022 ,
2605 3962 2765 4031 quas
2816 3935 3032 4010 verbis
3079 3934 3347 4032 lingulis
3417 3938 3584 4012 dant
3635 3936 3815 4033 figni-

884 4028 1275 4109 ficationem
1347 4035 1701 4125 exemplis,
1763 4036 2072 4126 inquam,
2135 4059 2218 4107 ex
2270 4034 2418 4131 ipsa*
2452 4037 2777 4131 Scriptura
2825 4038 3060 4131 petitis
3789 4048 3801 4073 ¹

1080 4177 1212 4250 Hic
1261 4173 1413 4245 duo'
1446 4176 1772 4268 praecipue
1825 4173 2115 4247 cavenda
2166 4172 2315 4247 sunt
2341 4227 2362 4261 ,
2406 4195 2483 4252 ut
2524 4179 2850 4250 incertum
2900 4205 2982 4251 ne
3027 4175 3388 4273 probemus
3444 4204 3560 4273 per
3629 4203 3816 4274 aeque

882 4281 1206 4350 incertum
1220 4275 1318 4355 ;-i.
1358 4296 1414 4343 e.
1464 4298 1616 4345 cum
1660 4270 2041 4345 dubitamus
2088 4275 2192 4347 de-
2235 4276 2415 4347 vocis
2475 4277 2742 4368 alicujus
2803 4274 3267 4371 significatione
3309 4280 3554 4350 inhoc
3609 4280 3762 4352 ioco
3790 4328 3815 4364 ,

882 4401 967 4449 ne
1009 4378 1190 4449 illam
1239 4390 1416 4445 certo
1465 4369 1734 4445 definire
1783 4397 2100 4446 conemur
2151 4397 2234 4446 ex
2281 4375 2458 4462 alio,
2512 4377 2580 4445 in
2631 4399 2766 4468 quo
2825 4401 2960 4448 non
3004 4380 3221 4449 minus
3256 4376 3347 4450 est
3382 4377 3646 4459 dubia3
3684 4396 3814 4471 qua

876 4478 953 4548 in
999 4502 1069 4550 re
1132 4472 1299 4568 saepe
1345 4473 1616 4547 circulus
1652 4473 2126 4559 committitur,
2179 4492 2257 4544 ut
2305 4472 2583 4566 probare
2633 4471 2786 4546 effet
2827 4472 3225 4548 facillimum.
3305 4478 3614 4550 Alterum
3669 4475 3763 4549 est
3783 4526 3808 4561 ‚

876 4582 959 4648 u't
1002 4579 1121 4648 hac
1159 4576 1227 4648 in
1254 4599 1326 4646 re
1363 4598 1442 4646 ne
1492 4568 1963 4668 hypothesibus
2004 4570 2240 4645 nostris
2282 4571 2579 4658 litemus,
2630 4592 2750 4643 aut
2797 4599 2911 4647 eos
2949 4574 3296 4667 sequamur
3339 4626 3361 4660 ,
3415 4577 3530 4670 qui
3599 4576 3810 4670 magis

868 4674 951 4783 in,
995 4678 1119 4751 hoc
1165 4670 1516 4764 laborant,
1559 4694 1634 4751 ut
1671 4672 2013 4749 sententias
2041 4668 2186 4747 snas
2217 4690 2332 4745 aut
2357 4671 2681 4770 Jjstermtta
2741 4698 2824 4749 ex
2869 4672 3170 4766 scriptore
3216 4671 3567 4761 stabiliant,
3593 4697 3801 4768 quam

1029 4806 1036 4817 .
3731 4792 3806 4844 ut
