4188 5670
492 3751 622 3808 Rem
631 3747 757 3806 elia

391 3860 404 3870 .
476 3829 766 3914 specialia·

919 378 1022 478 538
1306 366 1995 440 Disszn‘r.
2119 379 2265 437 nr.
2388 329 3400 433 Looomac'ntis

919 546 1134 637 aliqua
1190 533 1682 636 fignificat,feo
1733 540 2002 619 clarius,
2049 557 2129 610 ut
2169 540 2261 610 ita
2300 536 2554 624 dicam,
2609 533 2857 631 signata
2893 536 2984 609 est
3011 588 3034 625 ,
3094 561 3307 634 eoque
3356 534 3586 608 melius
3638 533 3729 611 ab
3775 565 3846 616 a·

921 644 1021 714 liis
1075 639 1349 714 vocibus
1394 641 1696 735 distingui
1745 638 1996 733 potest:
2075 660 2226 709 cum
2280 654 2509 708 contra
2550 634 2877 709 vocabula
2933 688 2956 723 ‚
2988 634 3411 731 generalibus
3459 636 3853 712 notionibus

923 739 1370 834 respondentia
1399 792 1421 828 ‚
1475 737 1600 811 sint
1651 735 1877 808 similia
1933 737 2213 808 monetis
2256 784 2295 824 ,⁵
2339 725 2594 827 'quibus
2643 736 2955 828 exiguum
2996 754 3256 808 tantum
3329 736 3394 806 8c
3440 737 3632 809 valde
3696 736 3855 812 obs:

927 861 1157 912 curum
1213 835 1470 931 signum
1524 832 1896 929 impressum
1940 833 2073 907 estz
2132 857 2415 928 quaeque
2467 832 2706 907 idcirco
2755 858 2891 904 non
2952 830 3069 905 nisi
3116 831 3202 906 ab
3254 831 3689 908 attentiffimis
3742 864 3863 912 aco

926 957 1148 1009 curate
1191 937 1356 1008 inter
1397 935 1459 1008 se
1506 932 1764 1028 possunt
1800 933 2120 1026 distingui.
2225 931 2670 1023 Praeterquam
2727 930 2904 1023 quod
2944 932 3268 1026 generales
3315 931 3671 1007 istiusmodi
3712 963 3877 1028 Ano--

923 1037 1138 1107 tiones
1183 1059 1327 1104 «non
1378 1059 1518 1105 uno
1566 1033 1770 1128 modo
1821 1034 1857 1100 a
1927 1028 2361 1124 singularibus
2404 1027 2910 1101 abstrahantur:
2982 1031 3140 1101 alius
3201 1032 3268 1100 in
3320 1032 3395 1102 iis
3443 1035 3842 1129 conjungit,
3932 1111 3939 1115 ,

923 1159 1076 1227 quae
1128 1133 1165 1200 a
1213 1129 1593 1205 seinvicem
1641 1128 1875 1202 dividit
1942 1131 2151 1203 alius:
2201 1128 2663 1200 animadvertit
2702 1126 2804 1198 hic
2863 1124 3253 1199 leviffimum
3301 1125 3694 1220 discrimen,
3761 1136 3844 1208 de

922 1257 1057 1325 quo
1102 1230 1260 1301 alius
1316 1253 1653 1323 nunquam
1697 1228 1959 1320 cogitat.
2063 1225 2258 1297 Unde
2315 1226 2451 1312 est,
2511 1227 2690 1318 quod
2731 1226 3031 1320 plurimae
3062 1225 3527 1319 disputationes
3579 1232 3661 1303 de
3720 1258 3845 1306 vo-

922 1327 1107 1402 cibus
1156 1325 1284 1399 sint
1330 1333 1394 1400 in
1449 1326 1787 1420 disciplinis
1833 1330 1898 1399 8c
1962 1324 2256 1420 partibus
2315 1323 2800 1417 disclplinarum
2858 1324 3266 1417 generalibus
3315 1351 3337 1396 ε
3386 1357 3452 1400 v.
3497 1354 3560 1427 g.
3624 1338 3843 1403 Meta-

911 1427 1190 1526 physicis,
1232 1433 1299 1497 in
1339 1424 1592 1524 Physica
1634 1442 1806 1517 parte
1834 1421 2138 1521 generali,
2172 1430 2237 1493 in
2252 1424 2667 1520 Prolegomem‘s
2713 1429 2947 1494 artium
2996 1420 3088 1507 ἓξ
3114 1417 3551 1513 semmurum·
3606 1425 3611 1430 ’
3655 1427 3841 1501 Cum

919 1553 1084 1598 vero
1151 1523 1234 1594 ad
1281 1522 1573 1619 specialia
1629 1524 2044 1609 accedimus,
2107 1521 2494 1617 plerumque
2546 1517 2595 1591 si
2648 1517 3112 1596 controversiae
3186 1547 3324 1595 non
3383 1530 3662 1602 omnino
3716 1526 3837 1601 ces

911 1626 1052 1698 sant
1070 1653 1097 1708 ,-
1145 1617 1375 1696 cessant
1401 1672 1425 1713 ,
1465 1641 1582 1695 aut
1639 1618 1868 1694 saltem
1915 1620 2303 1693 minuuntur
2326 1669 2351 1708 ‚
2419 1620 2899 1713 Logomachiae.

1065 1826 1388 1896 Praeterea
1441 1819 1669 1891 accidit
1719 1816 1876 1906 fere,
1927 1839 2005 1890 ut
2052 1813 2261 1892 verba
2325 1819 2542 1892 nostra
2595 1815 3053 1892 universaliora
3118 1815 3247 1906 sint
3268 1870 3294 1907 ,
3342 1845 3543 1915 quam
3601 1822 3819 1901 sensus

889 1919 1297 1996 verborum.-
1354 1920 1595 2013 quippe
1633 1942 1786 2010 quae
1846 1914 2096 2011 semper
2138 1916 2223 1988 ad
2262 1920 2651 2004 materiam,
2709 1919 2789 1990 de
2840 1942 2972 2014 qua
3023 1920 3387 2012 cogitamus
3418 1972 3441 2007 ,
3491 1921 3819 2020 restringi-

892 2047 1084 2095 mus:
1139 2017 1310 2091 unde
1349 2014 1433 2090 fit
1514 2039 1591 2088 ut
1616 2066 1639 2101 ‚
1701 2015 1816 2109 qui
1863 2034 1982 2087 aut
2011 2012 2218 2089 verba
2279 2015 2495 2088 nostra
2548 2017 2618 2087 in
2669 2016 3011 2091 latitudine
3070 2012 3182 2090 sua
3232 2020 3463 2112 accipit
3504 2071 3529 2106 ‚
3581 2045 3699 2095 aut
3739 2025 3819 2097 il.

887 2122 952 2194 la
990 2123 1073 2196 ad
1149 2119 1343 2191 aliam
1396 2115 1740 2187 materiam
1779 2164 1807 2202 ,
1872 2114 1955 2186 de
2000 2139 2130 2209 qua
2194 2112 2324 2206 ipse
2380 2116 2623 2210 cogitat
2648 2165 2671 2200 ‚
2731 2116 3050 2209 restringit
3104 2166 3126 2202 ‚
3196 2138 3489 2190 mentem
3540 2120 3841 2196 nostram

795 2265 798 2268 π
895 2247 1034 2294 non
1083 2217 1311 2313 capiat.
1443 2215 1757 2303 Hincque
1821 2213 2029 2285 oritur
2082 2208 2483 2304 disputatio:
2535 2238 2689 2308 quae
2718 2212 3014 2297 cessabit,
3075 2211 3464 2309 simulatque
3499 2218 3837 2314 disputan-

897 2343 994 2394 tes
1057 2323 1094 2389 a
1147 2338 1379 2410 genere
1435 2312 1520 2383 ad
1602 2307 1877 2404 speciem
1935 2309 2315 2383 descendere
2369 2312 2715 2386 voluerint.
2875 2314 3284 2386 Mutationae
3340 2317 3408 2386 in
3462 2317 3835 2411 Republica

904 2418 1052 2491 sunt
1093 2408 1513 2508 periculosae,
1570 2409 1662 2480 ait
1713 2409 1860 2495 hic,
1925 2424 2123 2503 negat
2165 2409 2342 2481 alter.
2447 2410 2742 2505 Pugnare
2794 2411 3149 2483 videntur:
3202 2429 3273 2484 at
3318 2438 3457 2487 non
3500 2438 3848 2511 pugnantr·

900 2514 1244 2592 Nimirum
1310 2509 1422 2602 qui
1489 2507 1883 2581 mutationes
1945 2505 2330 2601 periculosas
2373 2507 2568 2596 dicit,
2630 2510 2876 2603 cogitat
2919 2509 3002 2582 de
3073 2514 3438 2586 mutatione
3494 2517 3843 2610 regiminis·

905 2638 1022 2689 aut
1086 2609 1323 2685 formae
1386 2602 1763 2699 reipublicae
1796 2657 1818 2692 ‚
1887 2605 1970 2677 de
2026 2608 2393 2680 mutatione
2443 2606 2663 2700 legum
2734 2627 2934 2701 atque
3004 2605 3454 2684 institutorum
3512 2615 3826 2690 civilium.

900 2716 1083 2787 Alter
1147 2709 1259 2803 qui
1319 2705 1718 2777 mutationes
1778 2705 2078 2776 innoxias
2153 2703 2272 2779 effe
2304 2701 2549 2782 ‚stamit
2594 2754 2618 2791 ‚
2680 2707 2929 2801 cogitat
2981 2705 3064 2777 de
3133 2711 3501 2782 mutatione
3558 2738 3828 2787 morum

904 2811 1458 2906 depravatorum,
1508 2802 1591 2876 de
1636 2800 1931 2898 profestu
1982 2803 2049 2876 in
2098 2807 2337 2900 pietate
2367 2855 2390 2892 ,
2453 2824 2570 2876 aut
2623 2802 2702 2876 de
2771 2806 3137 2878 mutatione
3178 2808 3246 2879 in
3294 2807 3543 2883 artibus
3604 2816 3821 2887 omnis

905 2908 1154 3005 generis
1204 2907 1269 2977 &
1314 2905 1554 2985 literis‚·
1613 2903 1695 2974 de
1766 2905 2132 2975 mutatione
2209 2902 2562 2994 systematis
2639 2904 2906 2996 alicujus
2989 2904 3415 2978 Grammatici
3439 2959 3462 2994 ‚
3524 2911 3753 3005 Logici
3799 2962 3831 3000 7

901 3001 1151 3098 Phyfici
1183 3053 1204 3089 ‚
1249 3004 1368 3072 &c-
1473 3002 1700 3083 Quare
1750 2998 1846 3069 isti
1884 2997 2316 3092 disputatores
2341 3048 2362 3083 ‚
2414 2997 2464 3068 si
2505 3001 2542 3069 a
2587 3000 2994 3093 generalibus
3039 3001 3120 3073 ad
3172 3002 3462 3098 specialia
3507 3015 3824 3098 venient,

897 3106 1055 3181 nihil
1108 3099 1386 3193 amplius
1445 3092 1832 3182 habebunt,
1877 3095 1961 3167 de
2005 3122 2142 3189 quo
2224 3095 2591 3190 disputent:
2643 3098 2945 3191 prorsus,
2998 3119 3077 3172 ut
3129 3105 3461 3195 optimum
3522 3107 3830 3181 innume-

892 3232 993 3282 ras
1043 3227 1126 3277 ex
1172 3194 1420 3271 artibus
1461 3195 1932 3289 Logomachias
1987 3195 2262 3267 tollendi
2292 3195 2675 3267 ‘remedium
2727 3193 2808 3270 sit
2840 3250 2863 3285 ‚
2914 3200 2985 3269 in
3029 3198 3438 3292 generalibus
3499 3228 3639 3278 non
3706 3209 3833 3280 diu

888 3308 1136 3379 haerere
1163 3349 1185 3385 ‚
1251 3292 1357 3367 sed
1405 3293 1486 3365 ad
1536 3290 1852 3387 specialia,
1896 3292 1981 3363 ad
2046 3319 2200 3387 quae
2241 3291 2373 3383 ipsa
2416 3293 2657 3366 utilitas
2701 3298 2767 3367 8c
2807 3297 3178 3391 jucunditas
3223 3324 3345 3371 nos
3384 3302 3641 3388 invitat,
3701 3304 3833 3375 fes-

886 3408 1117 3477 tinare.
1221 3393 1346 3470 Sed
1416 3388 1629 3464 nescio
1687 3391 2040 3484 xquemodo
2089 3393 2305 3475 ,multi
2346 3396 2414 3465 in
2480 3394 2884 3488 generalibus
2920 3392 3181 3468 verbosi
3240 3396 3359 3470 esse
3424 3396 3628 3471 solent
3656 3450 3680 3486 ‚
3737 3420 3829 3473 ut:

885 3525 1091 3596 pauca
1119 3548 1143 3585 ‚
1187 3517 1340 3588 quae
1387 3488 1593 3563 sciunt
1617 3541 1641 3578 ‚
1687 3490 2044 3579 dilatando,
2110 3494 2320 3566 muita
2370 3490 2531 3564 scire
2559 3490 2923 3569 videantur.
2987 3494 3032 3543 ²*

1083 3691 1209 3768 Sed
1248 3694 1312 3763 &
1342 3711 1462 3759 nos
1518 3688 1554 3757 a
1578 3685 1987 3780 generalibus
2024 3686 2106 3757 ad
2151 3685 2440 3780 specialia
2482 3690 2820 3761 veniamus
2861 3691 3448 3780 Logomachiarum
3495 3695 3815 3772 remedia·

883 3796 962 3867 In
995 3787 1468 3886 Logomachias
1514 3784 1861 3854 incidimus
1912 3783 2014 3853 vel
2064 3786 2321 3949 nptipsi,
2372 3807 2448 3857 ut
2490 3810 2944 3879 oppugnemus
2969 3788 3247 3861 aliorum
3297 3790 3503 3864 verba
3554 3820 3691 3868 non
3721 3800 3831 3873 in·

884 3893 1160 3975 tellecta,
1182 3911 1334 3960 cum
1351 3879 1591 3974 quibus
1614 3878 1929 3953 sententia
1957 3903 2080 3951 con
2112 3886 2393 3955 entimus
2424 3909 2442 3953 ε
2476 3884 2580 3955 vel
2598 3884 2724 3958 alii.
2785 3887 3165 3981 Cogitemus
3178 3888 3375 3983 igitur
3414 3893 3705 3983 primum
3736 3900 3831 3972 de

3716 4021 3832 4069 no·

1052 4163 1083 4194 ⁴¹
1129 4159 1214 4227 Ad
1258 4153 1539 4237 generalia
1588 4162 1787 4215 contra
1849 4151 2257 4231 Logomachias
2302 4154 2556 4217 remedia
2597 4156 2712 4219 hoc
2750 4172 2971 4235 quoque
3010 4161 3395 4236 adjiciendum
3445 4176 3566 4227 erat
3587 4208 3605 4238 ,
3630 4168 3829 4244 probe

876 4243 1199 4322 investigare
1223 4236 1569 4304 orationis&
1603 4251 1812 4297 vocum
1849 4236 2164 4314 originem,
2208 4250 2468 4299 naturam
2496 4281 2514 4311 ,
2567 4238 2728 4302 usum
2753 4283 2772 4312 ,
2812 4239 3161 4303 varietatem.
3226 4244 3486 4309 Subsidio
3509 4246 3619 4309 hac
3652 4246 3717 4309 in
3756 4272 3830 4315 te

863 4329 1038 4398 nobis
1093 4322 1201 4385 esse
1243 4320 1508 4401 possunt3
1559 4335 1680 4395 quae
1736 4320 1842 4375 Ars
1889 4317 2171 4399 cogitandi
2232 4316 2401 4380 tradit
2441 4318 2514 4381 de
2580 4318 2814 4383 vocibus
2871 4321 2927 4383 ἃ
2983 4324 3451 4402 propositionibus
3498 4353 3514 4389 ε
3580 4327 3837 4397 libellus

873 4410 1121 4474 Gallicus
1158 4405 1251 4465 cui
1293 4400 1487 4463 titulus
1523 4399 1602 4461 est
1642 4417 1656 4459 :
1702 4401 2059 4470 Grammaire
2092 4400 2354 4477 generale
2400 4397 2472 4460 ὁ·
2517 4402 2814 4481 ναὶῙοηηέε.
2893 4399 3217 4483 Cordemoy
3243 4409 3310 4467 de
3357 4398 3595 4489 loq‘nela
3623 4430 3642 4466 r
3680 4430 3835 4489 quae·

859 4513 973 4561 nos
1011 4491 1084 4552 dc
1130 4486 1241 4548 hoc
1287 4496 1619 4559 argumento
1656 4481 1915 4543 meditati
1953 4479 2157 4543 sumus·
2241 4484 2435 4543 Clerici
2496 4487 2600 4539 Ars
2638 4488 2852 4545 critica,
2931 4483 3003 4543 ln
3045 4486 3239 4562 primis
3276 4510 3398 4566 quae
3443 4490 3674 4551 Lookius
3756 4496 3835 4558 in

866 4579 1018 4643 libro
1040 4572 1113 4631 de
1149 4562 1432 4628 Inguen„
1463 4563 1698 4621 humano
1745 4563 1919 4625 docet
1951 4562 2027 4625 de
2077 4561 2266 4621 verbis
2302 4565 2361 4624 Sc
2396 4563 2628 4622 vocibus
2665 4580 2681 4624 ε
2715 4581 2836 4639 quae
2858 4564 3053 4626 ultima
3078 4565 3244 4631 nobis
3291 4571 3365 4633 de
3408 4572 3837 4652 Logomachiis

862 4649 1234 4726 scribentibus
1270 4662 1480 4723 magno
1537 4641 1653 4706 usui
1715 4642 1921 4705 „issent
1986 4686 2006 4721 ι
2066 4642 2111 4705 fi
2139 4660 2273 4707 cum
2298 4642 2438 4707 hoc
2487 4655 2882 4725 argumentum
2910 4646 3391 4731 aggrederemur,
3446 4655 3593 4720 liber
3638 4653 3835 4732 hujus

861 4733 1180 4815 Philosophi
1204 4728 1488 4812 cognitusg
1508 4720 1674 4788 nobis
1702 4720 1903 4787 fuisset.
