4188 5670
1059 236 1334 338 :zE'R
1383 259 1677 337 tyn-1³51·
1719 253 1781 334 ‘b
1838 281 1905 333 R.
1963 232 2229 333 ‘CAR'v
2320 255 2427 331 V(
3157 295 3248 367 57

330 438 582 514 Paetum
630 428 750 527 est,
773 457 849 512 ut
895 438 1277 537 notionibus
1323 426 1627 532 distinctis
1651 493 1673 528 ,
1703 462 1899 538 atque
1933 440 2098 514 adeo
2150 434 2495 534 oppositis,
2538 444 2800 533 quaein
2836 466 3035 515 unam
3080 466 3242 537 quo-

325 538 694 612 dammodo
730 559 996 633 propter
1048 538 1357 630 obscuros
1404 546 1467 615 &
1503 539 1804 615 confusos
1851 541 2035 634 vulgi
2079 557 2429 631 conceptus
2487 540 2868 613 coaluerunt
2910 592 2934 627 ,
2974 544 3239 633 perinde

374 635 511 708 uafi
538 661 636 708 res
661 635 1101 711 diversiffimae
1128 666 1261 712 una
1306 640 1563 736 prorsus
1627 665 1724 710 res
1760 635 1978 724 effent,
2016 663 2228 709 unum
2261 649 2522 730 quoque
2564 662 2806 710 nomen
2860 637 3242 732 impofitnm

323 664 436 808 Et.
497 738 838 823 Qlorum,
859 761 1011 808 cum
1047 733 1131 809 fit
1161 736 1422 835 infignis
1445 739 1822 822 multitude,
1856 735 2214 829 speciminis
2244 737 2390 806 loco
2417 759 2620 829 pauca
2648 738 2983 809 adducam.
3052 743 3245 824 Qo-
3286 708 3554 848 {1221ss

319 835 730 927 ties-vulgus
751 835 1097 906 hominum
1127 834 1340 909 sensus
1363 834 1691 909 vocabulo
1718 838 1956 920 utitur,
1989 837 2258 907 notione
2286 835 2438 904 huic
2482 837 2732 905 nomini
2764 834 3051 927 fiibjec‘ta
3091 860 3244 909 con-
3285 870 3515 929 vocibus
3535 893 3553 930 =

325 932 595 1025 jungit,
628 957 780 1024 quae
811 952 984 1020 tote,
1007 952 1085 1004 ut
1112 938 1318 1021 aiunt,
1348 937 1516 1007 inter
1538 933 1599 1005 se
1623 937 1854 1027 genere'
1891 930 2193 1004 diffident
2225 959 2246 1010 3
2275 957 2560 1023 quorum
2602 933 2722 1004 alia
2766 936 2847 1004 ad
2885 958 3116 1027 corpus
3183 938 3247 1008 ἃ.
3289 952 3508 1015 Sensus.

330 1030 476 1120 ejus
504 1048 717 1123 partes
760 1032 1116 1123 pertinent,
1132 1036 1498 1126 harumque
1545 1053 1768 1104 motus
1793 1030 2104 1124 quosdam
2156 1027 2514 1123 significant
2534 1059 2560 1112 3
2587 1032 2706 1101 alia
2755 1032 2837 1103 ad
2887 1038 3196 1105 mentem*
3219 1084 3243 1119 ,

327 1151 476 1200 tem
512 1149 657 1199 toto
683 1129 851 1199 coelo
881 1127 1224 1217 diversam,
1252 1152 1583 1224 certasque
1603 1131 1739 1221 ejus
1767 1131 2186 1223 cogitationes
2228 1128 2565 1199 denotant.
2675 1131 2845 1201 Haec
2882 1150 3104 1203 tamen
3159 1132 3249 1203 ita

333 1224 836 1299 confunduntur
859 1276 883 1311 ,
923 1247 996 1298 ut
1043 1229 1122 1298 ad
1164 1230 1506 1301 discrimen
1543 1254 1774 1301 eorum
1818 1279 1842 1314 ,
1889 1252 2086 1300 nemo
2146 1225 2302 1312 fer-e,
2341 1250 2491 1298 cum
2519 1227 2648 1297 hoc
2683 1224 2892 1298 sensus
2926 1228 3253 1301 vocabulo

327 1327 574 1411 utitur,
606 1326 902 1397 attendat
927 1351 944 1394 ε
966 1322 1074 1414 sed
1104 1327 1380 1419 quilibet
1403 1354 1536 1400 una
1570 1351 1737 1402 voce
1762 1351 1961 1398 unam
1990 1350 2255 1420 quoque
2270 1349 2411 1396 rem
2434 1323 2495 1395 se
2519 1325 2870 1420 intelligere
2885 1327 3203 1421 existimet
3221 1332 3255 1394 ἔ

305 1571 308 1574 ’
383 1562 392 1572 ’
453 1629 462 1636 .
518 1567 702 1642 Idem
734 1572 814 1643 de
845 1575 964 1647 illis
993 1574 1331 1650 vocabulis
1362 1574 1743 1670 dicendum,
1767 1602 1918 1669 quae
1959 1568 2169 1650 sensus
2213 1561 2444 1664 species
2472 1622 2496 1658 ,
2544 1596 2699 1666 quae
2745 1566 3014 1643 affectus
3047 1569 3110 1641 &
3153 1594 3260 1640 eo..

340 1687 500 1736 rum
526 1664 784 1760 species,
814 1675 1150 1766 qualitates
1176 1680 1337 1749 item
1365 1667 1684 1750 sensibiles
1710 1668 1845 1770 sive
1859 1673 2158 1769 patibiles
2175 1723 2211 1768 ,A
2235 1688 2313 1741 ut
2337 1693 2600 1760 vocant,
2634 1666 3011 1762 significant.
3082 1670 3255 1746 Haec

336 1766 574 1836 omnia
599 1792 707 1854 ec,
740 1795 938 1862 quem
997 1776 1512 1862 diximus‚modo
1552 1773 1699 1845 sunt
1738 1778 2082 1859 σολύσημα
2116 1797 2140 1851 ,·
2195 1774 2259 1842 &
2300 1796 2451 1863 quae
2485 1770 2605 1839 illis
2637 1769 2838 1861 vulgo
2864 1765 3255 1859 respondent

334 1865 695 1953 notiones,
737 1893 874 1940 non
921 1870 1070 1944 sunt
1113 1872 1424 1946 distinctae
1450 1925 1473 1960 ,
1505 1871 1610 1945 sed
1660 1868 1973 1952 confusae,
2014 1870 2078 1939 81
2107 1893 2188 1938 ex
2212 1866 2408 1939 rebus
2441 1865 2751 1961 oppositis
2811 1861 3253 1957 corporalibus
3582 1943 3587 1950 ‚

338 1961 410 2030 ὃς
434 1959 873 2052 spiritualibus
899 1969 1217 2044 conflatae.
1279 1971 1417 2065 Ipffi
1444 1973 1710 2043 nomina
1742 1968 2017 2062 spiritus,
2048 1970 2310 2053 animae,
2339 1968 2406 2037 in
2427 1969 2600 2038 hunc
2623 1963 2888 2038 censum
2921 1961 3254 2033 referenda
3290 1960 3525 2065 Spiritus

340 2053 552 2134 sunt:
597 2063 768 2133 Haec
792 2088 942 2135 cum
969 2072 1219 2162 proprie
1241 2091 1514 2143 ventum
1533 2122 1557 2159 ,
1590 2070 1865 2140 halitum
1897 2062 2281 2161 significent,
2312 2067 2617 2136 translata
2657 2064 2805 2134 sunt
2840 2061 2920 2133 ad
2948 2086 3046 2132 res
3083 2062 3255 2153 cogi·
3292 2063 3498 2112 amma.

336 2175 572 2242 tantos
589 2154 1072 2250 significandas3
1151 2166 1282 2242 fine
1305 2166 1510 2241 dubio
1537 2169 1711 2255 iden,
1737 2164 1917 2259 quod
1939 2167 2050 2260 qui
2079 2165 2375 2256 primum
2416 2165 2532 2244 illis
2568 2163 2650 2234 ad
2681 2164 2793 2233 has
2817 2156 3262 2253 significandas

340 2249 444 2324 ufi
476 2250 633 2325 finnt
653 2307 679 2342 ,
745 2260 1063 2350 majorem
1101 2290 1250 2338 cum
1278 2255 1348 2340 re
1402 2269 1730 2361 cogitante
1759 2257 2284 2337 convenientiam
2332 2285 2536 2334 vento
2572 2260 2957 2354 corporique
2982 2255 3202 2327 subtili
3231 2307 3260 2344 ,

339 2376 550 2445 quam
592 2350 1188 2436 craffiorimateriae
1212 2367 1608 2438 intercedere
1633 2361 2137 2436 arbitrabantur.
2192 2360 2369 2432 Hinc
2393 2358 2641 2431 factum
2684 2357 2774 2430 est
2795 2407 2817 2443 ,
2863 2376 2941 2426 ut
2973 2357 3115 2425 haec
3148 2379 3266 2425 no-

305 2545 312 2551 ,
349 2451 530 2561 mina
557 2452 867 2526 translata
891 2457 1100 2532 nescio
1124 2464 1280 2557 quid
1296 2490 1384 2548 ‚ex
1404 2466 1664 2558 propria
1692 2463 1800 2536 sua
1821 2459 2284 2556 significatione
2309 2461 2695 2530 retinuerint
2721 2459 2785 2527 ὃς
2826 2473 3143 2545 perpetuo
3162 2475 3261 2521 re-

351 2564 606 2648 tmeasst
631 2580 655 2632 2·
680 2553 774 2622 ita
796 2604 820 2638 ,
850 2575 928 2626 ut
948 2606 970 2642 ,
997 2553 1295 2650 quamvis
1325 2564 1614 2656 plerique
1633 2554 1809 2633 nunc
1833 2561 2127 2634 homines
2152 2555 2406 2651 spiritus
2443 2557 2812 2645 animaeque
2834 2574 2999 2621 voce
3037 2573 3137 2619 res
3162 2573 3270 2620 co-

347 2646 627 2735 gitantes
655 2650 1042 2745 intelligant,
1072 2678 1292 2730 tamen
1310 2662 1619 2733 cumbae
1642 2662 1731 2731 rei
1752 2659 2093 2751 cogitantis
2121 2655 2769 2739 notione,notionem
2792 2648 2999 2732 venti,
3030 2645 3219 2720 flatus
3238 2697 3265 2733 ,

351 2744 589 2816 halitus
615 2795 637 2831 ,
663 2747 872 2819 tenuis
903 2747 1242 2841 cujusdam
1286 2758 1447 2825 aeris
1473 2776 1587 2825 aut
1623 2757 1791 2846 ignis
1819 2753 2018 2845 usque
2051 2755 2115 2820 &
2138 2748 2338 2842 usque
2367 2749 2794 2841 conjungant,
2869 2746 3107 2838 Neque
3150 2742 3266 2839 ipfi

323 2840 724 2934 ‚Philosophi
755 2849 930 2919 hunc
961 2866 1209 2922 vocum
1247 2850 1525 2923 abusum
1551 2850 1985 2923 emendarunt
2004 2899 2028 2934 ,
2058 2845 2282 2918 saltem
2311 2849 2353 2917 ii
2381 2849 2492 2939 qui
2519 2847 2758 2919 animae
2808 2846 3095 2930 nomine,
3129 2843 3266 2916 nes-

356 2938 650 3031 cioquid
705 2944 1111 3035 aequabiliter
1137 2974 1253 3041 per
1280 2975 1514 3044 corpus
1539 2947 1794 3037 fissum,
1835 2948 2014 3041 quod
2043 2942 2235 3017 simul
2286 2946 2600 3041 intelligat
2648 2946 2713 3015 ἃ
2762 2944 2942 3029 velit,
2973 2938 3163 3014 fimul
3203 2968 3273 3014 e-

353 3032 523 3104 tiam
557 3035 730 3107 cibos
754 3050 1116 3139 concoquat
1144 3099 1170 3137 ,
1230 3070 1640 3120 excrementa
1670 3044 1756 3121 ab
1788 3044 2106 3120 alimentis
2129 3044 2398 3140 separet,
2436 3042 2809 3139 sanguinem
2836 3062 3158 3135 praeparet
3205 3043 3270 3110 δε

357 3140 486 3223 p'er
511 3157 740 3225 corpus
774 3133 1112 3231 diffundat,
1152 3170 1260 3216 cor
1289 3147 1637 3232 calefaciat,
1669 3148 2010 3238 pulmones
2039 3145 2265 3236 agitet,
2300 3145 2687 3217 arteriarum
2716 3139 2977 3232 pulsum
3005 3140 3271 3222 excitet,

299 3308 308 3315 ‚
357 3228 671 3349 membra
708 3257 1001 3326 moveat,
1027 3241 1061 3336 <
1075 3246 1138 3316 &
1161 3245 1317 3336 quid
1343 3244 1529 3317 non?
1559 3242 1596 3333 )
1632 3245 2108 3317 intellexerunt.

537 3456 663 3530 'De
693 3461 1009 3556 plerisque
1036 3461 1373 3541 vocabulis
1400 3464 1682 3560 tropicis.
1700 3460 1827 3534 dici
1855 3453 2089 3552 potest,
2124 3454 2232 3527 illa
2280 3453 2561 3545 aliquam
2588 3448 2660 3520 in
2692 3467 2911 3523 mente
2957 3441 3279 3522 confusio&

355 3575 521 3625 nem
547 3581 772 3650 parere
796 3562 860 3631 ἃ
893 3565 1129 3657 aliquid
1162 3589 1244 3643 ex
1268 3566 1530 3659 propria
1557 3563 1667 3634 sua
1694 3556 2158 3656 significatione
2193 3552 2469 3625 retinere
2494 3599 2518 3637 ,
2551 3546 2726 3649 unde
2748 3547 2852 3634 fit,
2885 3566 2963 3620 ut
2995 3549 3113 3619 vix
3154 3571 3275 3616 un.

363 3677 574 3743 quam
600 3657 696 3726 his
720 3663 983 3751 tropicis
1023 3661 1358 3735 vocabulis
1393 3662 1819 3755 disputatores
1848 3675 2114 3730 utantur
2139 3705 2165 3740 ,
2190 3653 2349 3746 quin
2386 3650 2455 3721 in
2484 3648 2956 3741 Logomachia's
2978 3696 3002 3733 ,
3056 3643 3106 3718 fi
3133 3668 3272 3716 non
3304 3654 3321 3678 ⁸

361 3774 597 3841 puras,
627 3755 869 3829 mixtas
896 3757 1120 3832 saltem
1153 3761 1458 3834 incidant.
1538 3763 1603 3833 Si
1626 3761 1767 3853 quis
1793 3756 2000 3830 brutis
2029 3746 2468 3827 animantibus
2492 3743 2743 3839 sensum
2773 3746 3049 3839 deneget
3081 3773 3102 3825 3
3133 3766 3275 3815 non

363 3846 608 3936 deerit,
631 3855 748 3942 qui
776 3850 986 3941 brutis
1019 3884 1157 3930 non
1201 3859 1404 3929 modo
1425 3860 1906 3951 ‘cogitationem
1928 3854 2149 3947 negari
2175 3867 2369 3944 putet
2395 3898 2419 3934 ,
2450 3842 2557 3917 sed
2581 3869 2809 3917 ornnes
2837 3863 3058 3917 motus
3093 3838 3275 3956 &.³f·

362 3941 684 4019 sectiones
711 3957 1000 4045 corporis
1025 4006 1048 4041 ,
1074 3957 1340 4047 ejusque
1363 3957 1680 4048 partnnn,
1717 3956 1939 4028 omnia
1979 3950 2258 4041 denique
2287 3996 2312 4032 ,
2343 3969 2495 4038 quae
2520 3940 2648 4035 ipse
2669 3969 2804 4015 una
2834 3967 2985 4015 cum
3034 3956 3279 4033 cogita-

364 4042 555 4115 tione
597 4047 726 4120 hoc
770 4047 982 4126 sensus
1024 4050 1353 4130 vocabulo
1402 4054 1906 4147 comprehendit.
1998 4048 2132 4121 Hic
2176 4041 2228 4119 fi
2256 4039 2622 4140 pugnabit,
2670 4065 2823 4114 cum
2868 4037 3118 4113 umbra
3158 4060 3280 4128 pu-

366 4141 618 4233 gnabit.
731 4203 737 4208 .

567 4357 894 4457 Memini,
931 4391 1043 4440 me
1075 4344 1286 4464 ipsum
1318 4344 1663 4462 aliquando
1703 4344 1773 4438 in
1807 4363 2129 4459 ejusmodi
2150 4362 2668 4459 Logomacliiam
2690 4353 2986 4428 incidiffe.
3024 4354 3285 4456 Statue:-
3440 4423 3457 4438 ,

381 4447 568 4547 bam,
595 4457 799 4537 finem
831 4470 1120 4559 corporis
1146 4468 1234 4538 nil
1258 4467 1429 4539 aliud
1467 4467 1610 4553 effe,
1634 4490 1835 4561 quam
1864 4463 2280 4562 negationem
2298 4512 2326 4551 ,
2353 4486 2493 4535 non
2510 4457 2915 4535 existentiam
2962 4450 3290 4522 ulter¹0ns
3332 4426 3511 4493 Fims·

567 4564 946 4662 Werenfhffii
1004 4565 1318 4663 Opufiula.
1364 4568 1563 4646 Tom.
1589 4568 1697 4663 11,
2412 4559 2487 4654 Η
3065 4546 3299 4616 exten-3
