4188 5670
1236 283 1955 369 Exierant-1³
2069 288 2352 399 Der-7
3139 292 3280 373 263

372 459 487 537 ubi
538 464 711 536 nihi}
746 460 838 547 el’t
874 460 1329 538 metuendum.
1411 463 1543 539 Sed
1583 467 1728 541 haec
1764 463 2093 562 responsio
2118 518 2142 554 ‚
2187 464 2237 539 fi
2280 464 2441 538 serio
2475 459 2558 557 fit
2588 510 2616 550 ‚
2687 458 2982 538 anserina
3011 460 3286 557 *prorsus

378 563 521 643 est3
564 561 645 636 fit
685 562 862 635 en'im
916 567 1047 641 hoc
1086 563 1343 639 'summa
1378 566 1639 640 'ratione
1675 617 1699 653 ‚
1768 592 1911 640 non
1973 565 2266 639 anserina
2304 565 2411 637 illa
2455 563 2720 656 quidem
2754 613 2779 648 ‚
2836 563 2944 641 sed
2967 563 3124 653 ¹ejus
3173 563 3288 654 qui

300 721 309 735 .
378 663 759 734 machinam
787 661 1144 736 anserinam
1184 664 1545 738 construxit
1583 693 1608 744 3
1656 667 1804 738 Hac
1843 667 2018 739 enim
2054 666 2309 737 ratione
2361 659 2581 735 casum
2616 663 2872 733 evitant
2893 711 2917 747 ‚
2965 663 3079 757 qui
3131 686 3286 732 con-

374 761 658 855 tingeret
709 761 908 832 limen
951 762 1484 850 ascendentibus,
1535 764 1900 857 pedemque
1954 759 2360 837 elevantibus
2385 811 2409 847 ‚
2467 755 2589 831 nifi
2629 779 2828 853 caput
2891 759 2961 833 iu
3021 759 3286 831 ulterio-

376 882 517 930 rem
560 880 815 952 partem
850 861 1301 955 protendendo
1343 859 1783 957 aequilibrium
1832 862 2179 936 servarent.
2274 859 2484 949 Qod
2503 854 2557 929 fi
2585 854 2913 933 anseribus
2944 859 3286 950 cognitum

312 982 328 1001 -
384 955 490 1028 hie
514 954 692 1031 foret
716 1007 739 1044 ,
791 959 947 1051 quid
990 958 1276 1033 facerent
1300 1013 1326 1050 ‚
1363 964 1435 1035 &
1485 985 1615 1056 qua
1634 961 1718 1035 de
1750 959 1956 1036 cauffa
1977 1014 2002 1053 ,
2042 962 2316 1035 minime
2342 956 2593 1032 anseres
2640 953 2837 1032 effent
2859 1005 2884 1044 ,
2919 953 3046 1034 sed.
3073 957 3292 1051 homi-q

372 1077 490 1127 nes
537 1055 877 1152 plerosque
925 1058 1187 1157 ingenio
1219 1062 1554 1135 anteirent.
3281 1122 3288 1131 .

577 1209 768 1284 Tales
810 1212 1008 1285 etiam
1051 1231 1275 1285 motus
1329 1212 1655 1287 innumeri
1710 1210 1861 1288 sunt
1907 1214 1978 1286 in
2021 1208 2404 1298 hominibus
2427 1261 2452 1300 ,
2490 1211 2605 1306 qui
2654 1207 2906 1283 summa
2932 1208 3181 1282 ratione
3201 1204 3283 1281 fr-
3352 1294 3356 1298 ,

373 1325 546 1394 unt,
593 1307 699 1380 sed
738 1310 824 1381 ad
858 1335 1025 1404 quos
1065 1311 1421 1384 hominum
1455 1312 1621 1384 ratio
1663 1312 1819 1384 nihil
1859 1308 2137 1386 confert.
2246 1312 2411 1385 Non
2473 1311 2624 1404 jam.
2669 1309 2906 1403 loquor
2966 1310 3048 1381 de
3093 1326 3286 1379 motu

372 1407 586 1479 cordis
608 1456 632 1494 ‚
673 1409 1067 1501 pulmonum
1086 1459 1110 1495 ‚
1156 1408 1348 1504 pulsu
1385 1409 1769 1483 arteriarum
1800 1462 1825 1498 ‚
1873 1431 2071 1504 atque
2146 1410 2283 1484 aliis
2333 1408 2527 1502 hujus
2597 1410 2846 1502 generis
2907 1406 3284 1509 innumeris,

371 1504 645 1599 Loquor
684 1507 766 1579 de
813 1506 1110 1581 motibus
1162 1512 1446 1583 externis
1471 1559 1494 1596 ‚
1547 1511 1661 1604 qui
1706 1508 1774 1580 in
1818 1508 2132 1603 cujusque
2175 1508 2429 1583 sensum
2453 1509 2813 1580 incurrunt.
2931 1507 3114 1579 Sunt·
3147 1527 3290 1575 mo-

368 1622 519 1689 tus,
568 1605 684 1700 qui
736 1603 941 1700 ipsam
976 1606 1403 1682 voluntatem
1446 1607 1732 1681 hominis
1768 1626 2206 1701 praecurrunt.
2338 1607 2444 1680 Ad
2504 1602 2878 1700 adspeebmn
2923 1608 3018 1677 rei
3063 1602 3287 1675 noxiae

367 1701 578 1775 homo
622 1703 1077 1779 contremiscit.
1144 1705 1368 1780 Infans
1392 1756 1418 1794 ,
1463 1709 1578 1800 qui
1615 1711 1733 1780 vix
1773 1708 1955 1801 gradi
2001 1706 2216 1801 potest
2238 1757 2263 1794 ‚
2310 1702 2450 1778 viso
2483 1701 2782 1798 serpente
2820 1703 3092 1797 palpitat
3114 1752 3138 1788 ‚
3173 1725 3286 1772 ex-

366 1798 611 1874 clamat
637 1853 660 1890 ,
707 1803 1014 1900 aufugit3
1062 1803 1099 1876 ὲ
1138 1807 1465 1880 contrario
1511 1806 1654 1878 viso
1711 1830 1917 1898 pomo
1953 1805 2209 1890 renidet
2230 1855 2256 1892 ,
2305 1802 2554 1877 accedit
2584 1852 2612 1889 ,
2684 1825 2959 1875 manum
3005 1802 3098 1874 ad·
3128 1824 3286 1873 eum

364 1898 914 1989 prehendendum
941 1905 1278 1998 protendit
1304 1935 1324 1987 3
1377 1906 1658 2000 necdum
1682 1906 2126 1999 experientia,
2155 1906 2370 1979 multo
2392 1902 2613 1977 minus
2630 1900 2883 1985 ratione
2916 1899 3175 1987 didicit,
3213 1899 3288 1969 il·

364 1995 486 2068 lud
527 2000 807 2073 noxium
839 1999 963 2074 effe
982 2052 1006 2090 ‚
1052 2003 1180 2074 hoc
1206 1999 1476 2076 salubre,

566 2153 792 2228 Nunae
832 2153 938 2227 hic
983 2153 1133 2227 sunt
1185 2156 1453 2235 rationis
1480 2154 1718 2231 nostrae
1758 2177 1976 2250 partes
1992 2188 2019 2241 ‚-
2049 2159 2086 2229 ὲ
2126 2155 2449 2253 machinae
2492 2153 2909 2251 dispositione
2952 2170 3173 2225 motus
3198 2156 3275 2227 hi

360 2250 737 2346 dependent
774 2254 1009 2343 unit-es
1058 2253 1166 2325 sed
1208 2255 1445 2327 rationi
1507 2256 1575 2327 hi
1621 2274 1882 2345 inorme,
1905 2256 2118 2353 inquis
2143 2308 2168 2346 ‚
2223 2250 2811 2329 convenientissimi
2846 2252 3013 2324 sunt.
3063 2308 3068 2311 .
3157 2252 3274 2324 Fa-

356 2370 560 2431 teor5
600 2351 707 2423 sed
748 2351 917 2423 ratio
952 2378 1089 2424 non
1133 2353 1206 2424 in
1250 2351 1495 2426 infante
1520 2405 1545 2441 ‚
1576 2351 1688 2427 sed
1729 2375 1915 2430 extra
1980 2380 2137 2429 eum
2182 2356 2249 2427 in
2283 2357 2570 2427 'auctore
2609 2356 2942 2427 machinae·
2977 2372 3277 2443 quaeren-

356 2448 444 2519 da
522 2448 632 2523 est.
787 2449 874 2522 Et
948 2452 1098 2522 hinc
1159 2450 1250 2522 est
1271 2501 1296 2539 ‚
1415 2453 1599 2546 quod
1670 2455 1877 2548 vulgo
1935 2452 2309 2546 Philosophi
2389 2455 2673 2526 actiones
2765 2449 3048 2523 hominis
3096 2447 3273 2555 'divi-

347 2546 515 2618 dere
593 2547 801 2618 solent
848 2550 917 2619 in
976 2549 1265 2622 animales
1328 2555 1397 2625 &
1469 2549 1764 2622 humanas
1818 2549 1957 2624 five
1999 2548 2337 2625 rationales.
2425 2550 2564 2622 Illae
2605 2576 2688 2623 ex
2713 2546 3020 2621 instinctu
3048 2596 3072 2632 ,
3123 2571 3271 2638 pro-

339 2644 594 2716 ·cedere
629 2645 936 2715 dicuntur
964 2697 987 2731 ,
1031 2648 1151 2740 qui
1184 2646 1347 2716 nihil
1391 2647 1565 2718 aliud
1613 2646 1705 2720 est
1761 2645 1880 2720 nisi
1930 2674 2005 2719 ea
2049 2649 2341 2741 corporis
2390 2645 2710 2720 structura
2750 2650 2815 2718 &
2878 2640 3205 2739 dispositio
3238 2691 3265 2726 ,

358 2764 576 2832 quam
614 2738 705 2811 ab
751 2737 983 2834 opifice
1020 2742 1138 2814 suo
1193 2745 1458 2837 accepit.
1522 2745 1671 2820 ‚Hae
1708 2767 1794 2815 ex
1830 2748 2080 2839 praevia
2105 2742 2570 2819 deliberatione
2604 2744 2827 2841 judieii
2852 2793 2877 2831 ‚
2933 2745 3000 2815 &
3033 2744 3265 2818 volun-

349 2840 515 2912 tatis
565 2841 898 2911 rationalis
937 2841 1233 2938 appetitu
1255 2891 1281 2929 ,
1310 2839 1633 2923 oriuntur.

552 2981 679 3054 Sed
724 2983 794 3055 in
844 2983 963 3060 illis
1011 2984 1214 3064 etiam
1261 2984 1634 3066 actionibus
1656 3040 1680 3076 ‚
1735 3014 1891 3084 quae
1959 2988 1996 3061 a
2059 2993 2314 3073 ratione
2360 3009 2744 3085 maturaque
2796 2986 3258 3073 deliberatione

340 3076 855 3178 proficiscuntur
885 3133 908 3170 ‚
969 3082 1115 3175 plus
1160 3081 1406 3179 semper
1449 3088 1716 3161 rationis
1764 3088 1855 3162 est
1900 3087 2131 3170 alienae
2152 3140 2175 3174 ,
2233 3116 2434 3186 quam
2488 3095 2791 3186 propriae.
2871 3091 3089 3172 Audio
3114 3089 3272 3183 lios:-⁴

353 3200 451 3250 tes
517 3173 642 3253 effe
682 3182 752 3256 in
787 3181 1125 3273 procinctu
1152 3233 1175 3270 ,
1226 3181 1464 3274 quibus
1508 3210 1623 3281 par
1675 3212 1814 3259 non
1861 3184 2003 3257 sum
2026 3214 2053 3268 ‚-
2099 3185 2311 3268 statuo
2353 3240 2377 3282 ‚
2435 3191 2589 3269 mihi
2641 3187 2760 3262 effe
2814 3187 3203 3282 fugiendum
3230 3241 3258 3276 ‚

353 3276 668 3356 voluntas
722 3280 1001 3372 imperat
1027 3329 1051 3365 ‚
1109 3297 1185 3352 ut
1231 3277 1523 3374 fugiam.v
1572 3283 1796 3357 Pareo.
1842 3357 1849 3371 ,
1904 3284 2037 3357 Sed
2086 3282 2296 3359 scione
2330 3337 2353 3374 ‚
2415 3288 2571 3386 quid
2613 3284 2883 3371 faciam,
2937 3302 3056 3357 aut
3100 3288 3262 3380 quid

354 3369 729 3456 faciendum
785 3374 862 3449 sit
907 3375 1247 3472 fugienti?
1295 3376 1411 3456 ubi
1463 3376 1588 3454 fint
1634 3379 1886 3475 spiritus
1929 3381 2019 3452 illi
2064 3380 2442 3454 animales?
2501 3381 2617 3462 ubi
2664 3379 2791 3458 fint
2841 3379 3112 3462 musculi
3131 3385 3254 3473 illi,

349 3474 421 3544 in
474 3481 648 3568 qu‘oe
696 3475 958 3551 influere
1000 3473 1298 3563 debent,
1340 3498 1418 3558 ut
1457 3480 1654 3574 pedes
1703 3504 1793 3556 eo,
1836 3477 2046 3552 modo
2089 3497 2481 3558 moveantur
2510 3531 2534 3570 ‚
2581 3483 2696 3573 qui
2743 3480 2826 3552 ad
2852 3479 3076 3577 fugam
3116 3509 3255 3558 cor..

349 3572 716 3666 ripiendam
762 3576 1107 3667 requiritur
1149 3573 1185 3648 ἓ
1237 3600 1353 3670 per
1405 3602 1566 3671 quas
1605 3576 1744 3673 vias
1775 3628 1798 3665 ,
1866 3601 1999 3672 qua
2050 3578 2237 3669 copia
2284 3577 2484 3657 fluere
2530 3575 2814 3651 debeant
2873 3582 2939 3657 in
3001 3581 3254 3658 muscu-

336 3670 447 3742 los
472 3702 498 3755 ‚-
529 3673 879 3767 quomodo
926 3677 993 3746 in
1040 3673 1205 3747 hane
1241 3693 1355 3752 aut
1403 3672 1580 3749 illam
1610 3695 1865 3771 partem
1910 3675 2384 3757 determinandi
2431 3675 2464 3748 ‚2
2536 3679 2670 3752 Res
2716 3697 2889 3757 certe
2939 3679 3030 3752 est
3084 3678 3253 3759 sum..

350 3770 441 3842 mi
484 3768 794 3858 artificii,
846 3770 1185 3844 ambulare
1213 3823 1236 3860 ‚
1289 3798 1562 3850 currere.
1648 3777 1777 3849 Sed
1800 3781 2043 3869 quotue
2087 3774 2356 3870 quisque
2395 3774 2487 3849 est
2507 3827 2531 3863 ‚
2584 3777 2698 3871 qui
2725 3778 2853 3862 hoc
2903 3777 3251 3857 artificium

351 3869 736 3964 cognoscit,
803 3890 919 3944 aut
964 3871 1045 3943 de
1085 3870 1195 3941 illo
1252 3873 1493 3965 cogitat
1539 3876 1584 3946 ?
1638 3874 1976 3954 Machinae
2018 3871 2350 3966 dispositio
2406 3872 2600 3947 nobis
2648 3874 2856 3954 insciis
2898 3878 3043 3958 haec
3105 3907 3252 3956 om..

346 3968 451 4040 nia
477 4019 502 4055 ‚
556 3968 860 4065 peragit,
911 3970 975 4042 &
1018 3984 1244 4039 tamen
1289 3967 1536 4042 summa
1576 3976 1827 4050 ratione
1880 3973 2148 4067 peragit.
2243 3970 2739 4071 ‘Accuratiffime
2779 3975 2847 4047 in
2892 3977 2988 4059 his
3033 3977 3249 4056 obser.

348 4088 589 4140 vantur
626 4068 1019 4146 mechanicae
1055 4066 1246 4160 leges.
1336 4069 1460 4140 Sed
1488 4072 1630 4170 quis
1674 4070 1978 4152 observat
2006 4068 2041 4139 ἲ
2076 4070 2241 4144 Non
2294 4074 2397 4146 ille
2426 4122 2451 4161 ,
2500 4074 2604 4150 cui
2649 4075 2757 4148 hae
2792 4076 3052 4169 prorsus
3077 4076 3248 4155 'sunt

346 4181 600 4258 ignotae
622 4196 650 4251 ,·
698 4169 824 4242 Sed
864 4162 1356 4262 sapientiffimus
1393 4165 1682 4262 corporis
1740 4169 1938 4242 nostri
1981 4168 2253 4260 Opifex.

540 4313 766 4387 Vultis
812 4315 986 4388 aliud
1016 4291 1411 4409 exemplum
1438 4363 1463 4400 ‚
1510 4313 1856 4388 Auditores
1885 4341 1908 4394 3
1952 4315 2320 4408 Nunquam
2342 4353 2370 4365 —
2389 4340 2474 4387 ne
2502 4313 3039 4388 animadvertistis
3064 4364 3088 4400 ‚
3114 4316 3244 4386 ho-

345 4413 600 4486 minem
649 4413 731 4495 ad
780 4414 1056 4509 lapidem
1078 4463 1104 4499 ,
1149 4431 1263 4483 aut
1292 4410 1466 4486 aliud
1517 4412 1836 4509 quiddam
1875 4408 2364 4495 offendentem3
2408 4412 2589 4502 Qid
2642 4435 2780 4483 non
2826 4412 2960 4503 agit
2997 4409 3032 4480 ?
3083 4434 3246 4499 quo-

343 4512 555 4585 modo
608 4523 853 4606 ‘corpus
894 4509 1086 4584 suum
1138 4509 1339 4584 modo
1383 4512 1453 4582 in
1501 4514 1669 4586 hanc
1691 4563 1715 4599 ‚
1773 4510 1975 4583 modo
2015 4515 2083 4587 in
2134 4513 2312 4585 illam
2362 4532 2615 4604 partem
2672 4522 3066 4593 contorquet
3090 4550 3112 4583 ‚
3170 4524 3251 4575 ut

344 4605 604 4729 lapsum
652 4611 911 4704 corpori
951 4607 1227 4686 noxium
1275 4608 1543 4687 evitet?
1598 4606 2072 4783 Cognoscitnle
2114 4611 2500 4784 {llezhomo
2556 4655 2584 4693 ‚
2648 4596 2991 4693 quomodo
3040 4592 3268 4761 lapstffi
