4188 5670
837 296 1058 411 ,ὲσο
1413 292 1418 299 ’
1723 394 1726 399 .
1834 324 2163 405 Mure
2215 340 2254 395 1⁴
2310 340 2364 394 τ
2445 339 2493 395 Α
2567 340 2636 397 ἰ·-
2684 343 2719 407 .1
2785 335 2841 417 9,

915 512 1035 598 ejus
1065 508 1384 601 particula
1410 554 1434 591 ,
1525 529 1622 577 κα
1642 501 1797 593 su‘nt
1850 508 2066 575 revera
2113 500 2441 578 innumera
2478 549 2504 589 ,
2538 500 2579 571 ἆ
2612 499 2686 592 se
2728 516 2945 574 mutuo
2982 490 3833 597 alriqtea'ntul1mnemorumn-⁸
3864 535 3873 539 ·

914 627 1025 680 tur
1043 657 1068 692 ,
1114 630 1250 704 qua
1273 627 1423 677 vera
1513 611 1527 623 ’
1573 603 1673 694 isio
1707 603 1784 694 est
1808 628 1830 670 .-
1882 599 2233 703 nullamque
2271 607 2593 697 cognitione
2634 598 3030 673 detminaere
3064 596 3333 691 poffimus
3355 617 3488 671 tam
3518 607 3830 697 megum,

917 712 1074 804 quin
1120 703 1513 797 intelligamus
1568 699 1752 794 ipsam
1812 706 1880 770 in
1918 697 2073 769 alias
2102 709 2353 773 minores
2383 725 2449 770 re
2475 695 2599 789 ipsit
2620 694 2730 795 effi
2758 696 3042 788 divisam.
3129 694 3674 790 Habemueergo.
3700 701 3876 771 met-4

921 797 1154 873 teriam
1184 850 1210 888 ‚
1255 824 1392 871 non
1425 799 1626 871 modo
1655 847 1677 883 ,
1719 790 2138 871 indefinitum
2182 792 2572 869 divisibilem
2623 845 2648 883 ,
2719 795 2827 867 sed
2862 796 2928 867 in
3006 804 3217 887 partes
3264 792 3771 867 innumerabiles
3806 847 3851 883 ‚A

924 896 1059 969 five
1106 921 1384 968 numero
1430 894 1796 969 indefinitas
1829 941 1853 978 ,
1906 901 2131 967 revera
2170 891 2465 968 divisam.
2530 893 2672 965 Erit
2709 894 2907 987 igitur
2973 893 3042 963 in
3091 894 3393 964 numero-
3412 894 3560 964 hoc·
3602 891 3853 965 indefa.-

863 1051 870 1059 .
925 998 1069 1067 nito
1115 1018 1248 1069 una
1292 1018 1558 1086 quoque
1604 1017 1751 1086 pars
1793 986 2293 1066 indefinitefim‘a
2321 1041 2344 1077 ,
2384 1013 2586 1084 quam
2656 1014 2778 1062 nos
2824 993 3144 1082 punctum
3185 992 3249 1060 &
3294 985 3597 1061 atomum
3642 1015 3835 1063 vom-

879 1164 886 1173 ,
930 1117 1078 1163 mus
1100 1143 1125 1179 ,
1179 1115 1381 1184 eaque
1414 1115 1551 1163 non
1594 1087 1800 1162 modo
1851 1086 1902 1160 it
1939 1094 2188 1165 caeteris
2232 1088 2526 1165 distinsta
2550 1136 2574 1173 ‚
2607 1085 2714 1161 sed
2741 1138 2787 1175 ‚,
2819 1084 2870 1158 fi
2899 1084 3275 1161 Cartefiumt
3303 1086 3605 1160 audimus
3635 1138 3683 1175 ,ί
3698 1089 3849 1181 jam

933 1193 1088 1261 actu
1129 1187 1435 1280 separata.

1126 1287 1253 1358 XI
1278 1286 1386 1357 112
1442 1286 1508 1358 Si
1554 1286 1695 1378 quis
1734 1300 1959 1358 autem
1990 1279 2142 1357 effet
2165 1332 2192 1370 ‚
2235 1285 2349 1375 qui
2393 1302 2604 1376 partes
2647 1286 2759 1355 has
2800 1277 3363 1368 indefinitefimaS‚
3395 1278 3528 1354 five
3560 1288 3830 1378 punsta,

867 1428 871 1443 ·
935 1408 1073 1456 non
1116 1379 1522 1454 indivifibilia
1560 1380 1667 1453 sed
1711 1379 1971 1456 extensa
2006 1381 2218 1453 adhuc
2259 1383 2321 1452 ἃ
2365 1378 2707 1454 divisibilia
2770 1377 2890 1452 effe
2934 1380 3179 1451 diceret·
3224 1408 3243 1449 ε
3324 1380 3375 1450 is
3422 1382 3663 1471 primo·
3691 1406 3850 1453 rem·

898 1484 1230 1574 ‚ignotam
1253 1530 1277 1566 ‚
1316 1500 1631 1573 tanquam
1667 1498 1913 1553 certam
1936 1530 1962 1564 ,
2006 1474 2411 1559 affirmarem
2463 1478 2695 1550 deinde
2734 1476 3097 1570 quemlibet
3135 1472 3589 1569 pulvisculum'
3612 1503 3698 1549 ex
3743 1481 3837 1550 in-

938 1578 1219 1652 definitis
1265 1601 1545 1649 numero
1570 1575 1862 1651 -extenfis
1902 1595 2324 1668 componeret
2348 1624 2372 1661 ,
2419 1579 2622 1670 eique.
2650 1577 2771 1647 hac
2793 1576 3041 1647 ratione
3078 1570 3481 1647 indefinitam
3514 1573 3835 1649 extensi&

935 1703 1089 1751 nem
1139 1673 1511 1758 tribueret3
1559 1699 1634 1747 ac
1677 1677 1953 1768 denique
2008 1672 2350 1746 extensum
2415 1692 2682 1745 vocaret
2721 1723 2749 1759 ‚
2810 1672 2989 1765 quod
3036 1673 3283 1743 nullam
3333 1696 3487 1743 cum
3535 1674 3671 1743 ullo
3725 1698 3835 1745 ex.

928 1774 1119 1850 tenso
1147 1826 1172 1860 ‚
1224 1773 1516 1845 maximo
1556 1822 1580 1859 ,
1637 1775 1912 1846 minimo
1942 1820 1967 1858 ,
2019 1770 2201 1864 quod
2265 1771 2528 1864 quidem
2578 1769 2666 1841 ab
2711 1771 2976 1841 homine
3025 1770 3281 1862 concipi
3334 1768 3544 1861 potest
3564 1821 3590 1857 ,
3641 1772 3833 1843 ratio-

935 1898 1089 1948 nem
1147 1869 1415 1943 haberet
1446 1921 1469 1955 ,
1523 1866 1831 1964 quodque
1872 1864 2131 1942 tametfi
2186 1866 2449 1941 extenso
2502 1869 2767 1941 cuidam·
2793 1867 3131 1939 adderetur
3156 1916 3176 1949 .
3202 1869 3330 1938 hoc
3353 1868 3562 1959 majus
3588 1865 3849 1940 faetum-

935 1971 1203 2062 intelligi
1255 1994 1390 2042 non
1440 1964 1644 2060 poffet
1669 2018 1716 2055 ‚,
1754 1971 1818 2042 i..
1850 1993 1906 2040 e.
1945 1967 2185 2041 diceret
2213 2014 2257 2055 „
2299 1965 2495 2064 quod.
2534 1990 2757 2057 neque.
2816 1963 2946 2059 ipse
2998 1989 3210 2058 neque
3266 1964 3445 2037 alius-
3497 1962 3849 2061 quisquam

936 2066 1528 2161 comprehenderem·
1541 2129 1549 2135 .

963 2222 968 2227 .
1125 2165 1200 2236 Χ
1229 2163 1265 2234 Ι
1296 2162 1382 2233 V.
1441 2162 1662 2248 Qiod'
1693 2159 1945 2237 fi'vero
1989 2161 2588 2257 fingerevellemus
2621 2213 2643 2249 ,
2688 2163 2899 2235 etiam·
2921 2179 3132 2253 partes
3159 2157 3690 2241 indefinitefimas
3724 2187 3829 2235 ex-

935 2259 1158 2336 tensas
1189 2283 1266 2330 ac
1315 2279 1658 2353 propterea
1702 2261 1997 2333 dividuas
2053 2259 2213 2346 effe,
2273 2258 2513 2331 necesse
2542 2278 2766 2332 tamen
2817 2258 2907 2331 est
2946 2308 2971 2345 ,
3020 2280 3099 2332 ut
3138 2259 3344 2330 atomi
3386 2260 3447 2330 &
3482 2260 3828 2336 indivifibL

935 2360 1019 2432 lia
1057 2359 1313 2431 dentur.
1427 2358 1611 2447 Qid
1661 2359 1836 2433 enim
1885 2358 2224 2431 extensum
2277 2358 2368 2428 est
2423 2356 2456 2427 :2
2514 2376 2686 2430 certe
2734 2381 2871 2429 non
2918 2381 3050 2429 una
3110 2380 3210 2429 res
3258 2406 3282 2443 ,
3349 2353 3463 2427 sed
3504 2361 3845 2456 congeries-

935 2457 1334 2529 multarum.,
1410 2454 1595 2543 Qid
1635 2455 1888 2549 igitur?
1947 2453 2349 2548 nusquamne
2392 2455 2515 2526 erit
2557 2480 2751 2527 unum
2800 2457 2869 2525 in
2917 2479 3139 2526 rerum
3178 2475 3410 2526 natura
3447 2506 3473 2543 ,
3533 2461 3831 2531 omniane

939 2575 1130 2627 erunt
1185 2559 1468 2650 congeries
1509 2556 1910 2626 multorum?
1942 2550 2073 2627 fac
2098 2545 2448 2624 indefinita.
2479 2550 2601 2624 effe
2638 2554 2708 2623 in
2747 2549 3042 2645 quolibet
3091 2576 3363 2646 corpore
3383 2602 3408 2637 ,
3457 2554 3560 2628 fac
3606 2552 3827 2628 indefi-

935 2652 1125 2724 nities
1165 2649 1551 2723 indefinities
1596 2648 1929 2723 indefinita
1952 2702 1977 2738 ‚
2031 2650 2345 2726 continua
2395 2650 2522 2721 hoc
2577 2669 2898 2743 quantum
2941 2651 3144 2731 velis,-
3190 2652 3257 2721 in
3278 2650 3397 2722 hac
3443 2674 3662 2726 tamen
3693 2672 3826 2725 tam

933 2748 1249 2825 immensa
1297 2770 1434 2821 tam
1477 2746 1935 2821 innumerabili
1985 2774 2204 2820 rerum
2249 2748 2549 2841 congerie
2572 2772 2702 2820 una
2752 2770 3031 2841 quoque·
3061 2771 3159 2817 res
3192 2747 3339 2821 erit.
3496 2751 3658 2823 Non
3696 2774 3832 2822 om.

782 2829 785 2832 ⁴
891 2925 896 2928 ,
935 2849 1042 2917 nia
1070 2849 1284 2919 acervi
1333 2875 1469 2919 non
1500 2850 1724 2920 omnin
1768 2848 2009 2929 cumuli
2061 2861 2303 2920 erunt:
2377 2847 2563 2920 Nihil
2606 2872 2725 2918 nos
2755 2895 2778 2931 ‚
2805 2844 3036 2918 fateor
3064 2894 3088 2930 ‚
3134 2868 3217 2917 ex
3254 2845 3379 2919 hoc
3407 2851 3674 2922 cumulo
3720 2849 3833 2922 de-

940 2943 1568 3036 oerpere'pofl'umus
1596 2995 1620 3031 ‚
1670 2948 1826 3034 quin
1878 2950 1941 3015 ἃ
1987 2945 2142 3016 illud
2195 2941 2769 3016 innumerabilium
2807 2966 3024 3016 rerum
3073 2943 3370 3016 cumulus
3417 2942 3516 3018 fit.
3592 2948 3837 3020 Poterit

936 3062 1158 3113 tamen
1210 3042 1305 3127 is,
1344 3043 1455 3132 qui
1500 3041 1646 3112 haec
1689 3042 1910 3111 omnia
1960 3036 2290 3132 congeffit.
2349 3040 2486 3125 Qi
2543 3040 2706 3109 velle
2750 3040 2971 3131 potuit
2995 3089 3018 3125 ‚
3055 3061 3139 3113 ut,
3178 3041 3668 3116 innumerabilia
3698 3094 3722 3131 ‚
3762 3062 3838 3115 ut

942 3132 1128 3211 indes
1142 3138 1277 3209 nita
1323 3134 1493 3223 fint,
1541 3139 1760 3228 potuit
1784 3161 2048 3230 quoque
2074 3137 2344 3219 ‘velle‚ut
2397 3157 2606 3208 unum
2652 3136 2893 3207 horum
2938 3134 3131 3217 esset3
3179 3136 3400 3210 &sine
3441 3139 3648 3214 dubio
3702 3166 3836 3214 non

942 3238 1207 3328 majoris
1236 3235 1336 3308 est,
1366 3237 1679 3329 potenti-ee
1723 3258 1931 3308 unum
1981 3258 2063 3305 ex
2115 3234 2315 3304 nihilo
2340 3232 2738 3325 producere,
2788 3235 3567 3326 quam-innumerabilem
3611 3263 3838 3310 rerum

947 3338 1336 3431 congeriem.
1387 3336 1675 3408 Breviter
1704 3360 1721 3403 ε
1749 3335 1814 3404 in
1841 3357 1920 3404 eo
1949 3382 1973 3418 ,
2007 3329 2126 3404 ubi
2192 3329 2402 3403 multa
2457 3327 2604 3403 sunt
2638 3380 2660 3415 ,
2707 3356 2926 3403 unum·
2976 3357 3237 3424 quoque
3289 3334 3498 3413 latet3
3564 3337 3631 3404 in
3686 3358 3833 3405 om-
3921 3353 3928 3364 ·

945 3438 1014 3505 ni
1047 3430 1417 3526 compofito
1464 3432 1551 3504 est
1600 3428 1871 3524 simplex
1924 3431 2239 3522 aliquod.'
2279 3429 2588 3519 Nihilque
2636 3430 2871 3501 rationi
2915 3430 3402 3506 convenientius
3447 3430 3537 3503 est
3562 3479 3611 3518 ,.—
3635 3455 3839 3526 quam

948 3532 1081 3600 dari
1106 3535 1174 3601 in
1225 3534 1350 3604 hoc
1391 3534 1608 3603 rtrum
1637 3526 2209 3604 innumerabilium
2232 3551 2464 3600 acervo
2491 3576 2515 3612 ‚
2538 3526 2716 3619 quod
2749 3552 2979 3621 corpus
3021 3528 3253 3600 dicitur
3275 3578 3299 3617 ,
3331 3525 3593 3617 μονάδος
3615 3580 3643 3618 ,
3684 3554 3838 3624 quae

948 3627 1345 3720 expluribus
1397 3628 1589 3702 rebus
1620 3627 1930 3718 congestis
1954 3652 2090 3706 non
2117 3627 2425 3700 constent.
3602 3655 3607 3659 ·

1192 3728 1263 3797 X
1299 3726 1381 3797 V.
1437 3728 1575 3810 At,
1635 3720 1683 3792 fi
1725 3726 1828 3794 cui
1868 3724 2016 3795 hoo..
2047 3744 2686 3817 argumentum-non
2722 3719 3157 3812 apodicticum
3208 3724 3520 3804 videtum
3576 3720 3840 3796 suffece-

945 3826 1032 3898 rit
1067 3819 1318 3894 fortasse
1359 3822 1488 3904 illi‚·
1546 3843 1665 3890 nos
1721 3816 2000 3911 probare
2021 3819 2227 3904 ‚effer-
2248 3821 2319 3894 in
2365 3831 2583 3890 terum
2650 3837 2883 3891 natura
2950 3839 3163 3911 partes
3186 3822 3499 3914 .cotporis
3545 3815 3844 3901 indefini-

947 3918 1202 3990 tefimns
1243 3969 1267 4005 ,
1339 3921 1403 3988 8t
1459 3915 1578 3988 effe
1617 3919 1878 4011 puncta.
1908 3939 2062 3986 vere
2108 3918 2609 3988 mathematicas.-
2652 3915 2731 3986 Id
2780 3914 2990 3989 solum
3039 3916 3231 3989 nobis
3269 3920 3573 4013 largiatur
3632 3972 3656 4007 ‚
3710 3943 3789 3994 ut
3811 3970 3838 4008 ‚

949 4016 1227 4088 aliorum
1269 4015 1586 4104 exemplo
1615 4063 1638 4108 ,
1699 4016 1843 4084 haec
1890 4029 2149 4084 atomos
2192 4014 2255 4084 δι
2305 4008 2731 4084 indivifibilia-
2762 4015 3079 4107 appellare
3117 4016 3320 4088 liceat.
3388 4019 3478 4089 At
3514 4042 3655 4090 non
3685 4022 3843 4091 dan·

946 4135 1053 4184 tur
1080 4163 1104 4199 ‚
1137 4114 1224 4182 ais
1251 4162 1275 4198 ‚
1331 4115 1572 4203 puncta
1612 4112 2062 4182 mathematica
2084 4139 2112 4194 ,-
2160 4113 2225 4184 ἃ
2250 4160 2276 4197 ,
2342 4104 2413 4182 ίῐι
2446 4112 2729 4184 maxime
2771 4112 2809 4181 ὲ
2854 4113 3220 4184 Geometris
3260 4115 3542 4207 quadam
3603 4121 3843 4189 mentis

863 4223 874 4242 '
947 4211 1367 4287 abstranione
1430 4208 1881 4300 concipiuntur
1905 4260 1929 4296 ‚
1978 4228 2161 4281 extra
2226 4226 2516 4280 mentem
2570 4218 2704 4280 non
2767 4210 3041 4303 amplius
3067 4234 3179 4281 ses
3235 4209 3383 4282 sunt
3423 4211 3509 4282 ab
3556 4217 3692 4286 aliis
3740 4241 3844 4288 περ

947 4309 1068 4383 bus
1111 4310 1470 4381 distinaae..
1531 4304 1851 4380 Putabam
1897 4308 2025 4383 hoc
2080 4305 2291 4406 ipsum
2339 4304 2485 4378 satis
2528 4305 2667 4397 jam
2707 4306 2744 4375 ὲ
2786 4330 2894 4377 me
2940 4306 3295 4398 probatum
3345 4307 3461 4380 effe
3484 4338 3509 4392 ‚-
3568 4311 3675 4384 sed
3720 4309 3771 4384 si
3816 4363 3840 4400 ,

951 4408 1507 4504 quemadmodum
1548 4406 1745 4478 arbor
1767 4415 1921 4478 'non
1961 4431 2097 4478 uno
2150 4409 2286 4477 istu
2310 4454 2335 4488 ‚
2380 4404 2473 4474 ita
2511 4406 2867 4473 inveterata
2901 4407 3122 4495 opinio
3166 4431 3304 4478 non
3333 4430 3467 4477 uno
3493 4431 3845 4503 argumen-

938 4527 1019 4581 to
1073 4508 1349 4581 concidit
1373 4534 1395 4587 3
1467 4505 1706 4579 addam
1757 4506 2066 4577 unum&
2097 4505 2416 4588 alterum,
2453 4523 2605 4594 quae
2649 4494 2683 4588 (
2723 4495 2841 4572 nisi
2910 4499 3137 4595 saepius
3193 4499 3529 4593 vidiffem,
3586 4527 3845 4602 quanto
3962 4527 3979 4534 ’

3696 4631 3851 4702 pert
